3050 4900
517 310 732 385 erNAHUM
754 310 806 381 VI
830 310 882 383 19.
1175 312 1251 386 627

133 496 348 586 λωφήσαντος
372 498 405 565 δέ
428 498 506 585 πρὸς
526 499 630 587 βροχδ
652 507 708 567 τού
731 496 877 587 θύραθεν
898 499 1049 582 πολίμου,
1074 495 1167 564 πάλιν
1189 512 1256 580 τοῖς

133 602 229 669 ἔνδον
258 599 280 686 ἦ
308 596 414 679 στάσίς
439 602 584 691 η’γείρετο.
634 607 686 669 καί
712 602 792 691 δόλῳ
814 603 850 670 τδ
875 602 956 688 ἱερὸν
981 600 998 669 ὁ
1022 601 1170 687 Ἰωάννης
1196 604 1254 669 σύν

114 716 204 783 ·τοῖς
222 709 374 789 ζηλωταῖς
388 705 549 791 κατασχών
557 754 569 788 ,
593 712 715 775 πολλῶν
731 707 970 796 άνοιρεθίντων,
994 704 1180 795 κατεθάρρει
1196 714 1253 773 τοῦ

134 812 295 892 Σίμωνος.

106 926 127 981 5
147 936 151 943 '
242 909 282 979 ‘0
299 913 334 977 δὲ
351 914 443 989 Τίτος
459 911 637 994 ίξομαλίοαι
653 911 817 999 προσέταξε
833 912 869 978 nl
885 911 946 978 άπδ
963 918 1019 977 τού
1032 917 1150 978 σκοποῦ
1159 912 1251 997 με’χρι

133 1022 194 1081 τοῦ
220 1017 339 1097 τείχους
363 1013 528 1101 διάστημα.
578 1018 629 1089 καλ
650 1016 686 1081 τδ
709 1018 766 1099 μίν
788 1019 916 1101 ἐγίνετο,
938 1015 1105 1091 Ἰουδαίοις
1121 1018 1155 1079 δὲ
1171 1014 1252 1080 unsri

128 1115 299 1200 Ῥωμαίων
330 1120 438 1206 ἐνέδρα
469 1146 516 1195 τις
548 1117 754 1205 μεμηχάνητο.
806 1120 836 1185 οἳ
861 1119 921 1204 γάρ
947 1116 1163 1205 τολμηρότεροι
1188 1125 1250 1184 τῶν

133 1228 337 1295 στασιαστῶν
370 1221 571 1307 προελθόντες
597 1230 652 1306 τῆς
677 1222 794 1300 πόλεως
798 1272 810 1303 ,
846 1218 889 1299 ὡς
914 1223 1127 1306 ἐκβεβλημένοι
1152 1224 1250 1302 δῆθεν

132 1322 197 1391 riuti
226 1332 290 1391 τῶν
313 1325 354 1391 τά
377 1326 510 1411 είρηνικδι
536 1323 747 1413 φρονούντων,
774 1329 841 1412 περί
865 1324 900 1391 τδ
924 1335 1023 1407 τεῖχος
1044 1316 1124 1409 ἦσαν
1148 1322 1287 1389 ellani-B

89 1446 244 1511 Ιομενοι·
273 1426 361 1493 ἄλλοι
395 1430 429 1495 δὲ
458 1427 583 1506 στάντες
615 1430 662 1495 tui
693 1437 749 1496 τοῦ
780 1434 912 1512 τείχους,
939 1424 982 1505 ὥς
1007 1430 1040 1493 ἐκ
1067 1434 1122 1493 τοῦ
1148 1426 1250 1510 δήμου

132 1530 357 1617 τυγχάνοντες,
383 1530 502 1618 είρήνην
525 1530 621 1613 ἐβόων
638 1536 687 1597 καὶ
706 1533 807 1611 δεξιὰν
824 1534 971 1620 ᾐτοῦντο,
1000 1536 1162 1607 καλοῦντες
1178 1531 1250 1609 τούς

127 1632 306 1717 Ῥωμαίους
331 1632 373 1711 ὡς
397 1636 454 1712 τὰς
477 1634 575 1713 πύλας
599 1635 776 1714 ἀνοίξοντες.
825 1647 889 1713 τοῖς
904 1636 959 1717 μὲν
977 1626 1031 1700 οὖν
1044 1632 1251 1719 ’στρατιώταις

134 1738 228 1804 οὗδέν
253 1736 446 1805 ὑπωπτεύετο
452 1787 463 1817 ,
489 1742 539 1804 καί
557 1736 690 1823 ἐχώρουν
707 1743 754 1805 ini
771 1741 806 1805 τδ
824 1739 911 1826 ἔργον
917 1787 928 1819 ,
955 1742 1038 1824 Τίτῳ
1057 1740 1091 1803 δὲ
1107 1737 1152 1803 δι’
1170 1735 1248 1802 rino-

132 1844 217 1925 φίας
244 1835 282 1923 ἦν
307 1850 362 1924 τῆς
388 1840 571 1926 ἐπικλήσεως
595 1842 630 1907 τὸ
655 1841 840 1930 παράλογον.
890 1840 950 1927 πρὸ
967 1847 1041 1921 μιᾶς
1057 1841 1116 1923 γὰρ
1133 1838 1250 1925 ἦμίρας

90 1944 192 2009 15διά
220 1952 276 2009 τοῦ
300 1944 454 2027 Ἰωσήπου
481 1948 528 2013 ἐπὶ
555 1944 723 2029 συμβάσεις
740 1948 853 2022 αὐτούς
869 1941 1133 2030 προκαλούμενος,
1159 1944 1249 2009 οὐδὲν

134 2052 331 2134 φρονοῦντας
348 2046 464 2133 εύρισκε
481 2049 615 2134 μίτριον.
665 2052 765 2133 μένειν
781 2040 835 2115 οὖν
852 2046 932 2113 κοτολ
945 2043 1051 2132 χώραν
1064 2047 1137 2123 τούς
1151 2071 1248 2132 στρα-
1278 2092 1284 2097 -

135 2149 253 2227 ταύτας
277 2150 403 2215 ίκίλενε.
455 2148 645 2237 φθασάντων
669 2154 703 2217 δέ
723 2180 814 2218 τινων
829 2152 905 2240 πρὸς
921 2149 977 2225 τὰς
993 2147 1092 2226 πύλας
1109 2153 1247 2236 δραμεῖν,

133 2253 172 2319 τὸ
199 2255 256 2333 μὲν
280 2260 401 2339 πρῶτον
418 2253 447 2319 οδ
464 2256 671 2335 ἐκβεβλῆσθαι
695 2258 853 2331 δοκοῦντες
868 2252 1055 2339 ὑπέφευγον,
1081 2249 1124 2330 ὥς
1141 2254 1175 2317 δὲ
1191 2278 1248 2334 με·

134 2357 215 2432 ταξδ
243 2362 304 2421 τῶν
328 2362 383 2439 τῆς
408 2355 523 2433 πόλεως
549 2357 683 2440 ἐγίνοντο
710 2354 852 2440 πύργων,
878 2360 999 2435 ἐξέθεον
1024 2358 1076 2421 καὶ
1102 2352 1246 2423 ίκάνλουν
1262 2428 1300 2482 w
1316 2428 1401 2485 121⁰

90 2458 264 2536 λθαύτούς.
315 2463 365 2524 καί
392 2460 420 2524 oi
445 2463 492 2526 tul
517 2467 571 2526 τοῦ
595 2463 711 2543 τείχους
731 2464 807 2544 βέλη
830 2462 901 2527 κατ’
928 2460 1028 2525 αὐτῶν
1047 2461 1177 2547 ἠφίεσαν
1194 2463 1287 2553 ecclc

136 2564 250 2640 λίθους
274 2560 429 2646 ἠκόντιζον
453 2566 505 2628 καί
529 2563 648 2628 ἀνεῖλον
669 2563 800 2644 συχνούς
823 2571 873 2629 καὶ
898 2566 1019 2638 πλείους
1042 2565 1246 2646 κατέτρωσαν.

136 2668 189 2730 καὶ
215 2665 244 2729 οἱ
264 2667 320 2748 μὲν
339 2667 487 2734 Ἰουδαῖοι
503 2669 647 2752 ἐσκίρτων
659 2667 736 2745 ,τούς
751 2669 886 2750 θυρεούς
902 2669 1106 2742 ἀνασείοντες,
1131 2665 1247 2742 ταῖςδί

133 2768 339 2855 στρατιώταις
355 2767 371 2835 ὃ
391 2775 482 2848 Τίτος
497 2771 610 2856 ἠπείλει
628 2773 678 2834 καὶ
697 2771 724 2834 ei
742 2769 911 2855 ταξιάρχαι.

206 2933 224 2987 1
242 2931 310 2998 τοῦ]
328 2925 361 2982 τδ
377 2929 411 2985 Α.
547 2924 616 2984 θεοὶ
635 2945 675 2982 om
692 2927 725 2982 Α.
859 2928 893 2983 15
909 2923 1043 3000 supptices
1058 2927 1097 2981 Δι
1115 2924 1246 2999 Iosephus

204 2995 363 3069 συμβάσεις.

134 3137 251 3192 ciuntur.
288 3141 396 3190 externo
422 3133 489 3188 bello
511 3134 648 3205 paulisper
669 3134 821 3206 quiescente
837 3133 932 3188 seditio
947 3151 1040 3189 rnrsns
1055 3137 1190 3198 exoritnr3
1217 3141 1246 3190 et

131 3207 249 3262 lnnnnes
273 3223 329 3260 cnm
352 3205 447 3260 zelotis
464 3205 560 3277 templo
576 3205 664 3260 multis
682 3205 767 3260 caesis
781 3223 831 3276 per
847 3205 935 3258 delum
951 3214 1079 3275 occupato
1097 3206 1198 3259 Simoni
1213 3223 1247 3258 se

133 3293 272 3348 opponere
288 3292 367 3328 susus
383 3283 434 3327 est.

240 3346 307 3398 Dum
330 3349 415 3396 autern
438 3343 619 3410 intervallum,
645 3343 714 3413 quod
733 3361 749 3398 s
766 3343 931 3412 speculatore
948 3342 982 3396 ed
1000 3344 1101 3397 moenis
1117 3342 1244 3412 pertinet,

134 3417 196 3470 'l'iti
212 3416 287 3468 iussu
303 3419 479 3482 exaequetur,
497 3412 587 3466 ludaei
605 3413 728 3466 Romanis
745 3413 854 3466 insidiae
866 3421 982 3468 struunt.
1017 3431 1076 3466 nsrn
1089 3411 1245 3465 audaciores

135 3503 151 3538 e
169 3483 303 3540 seditiosis
320 3484 411 3535 urbern
429 3481 542 3548 egressi,
570 3483 647 3550 qussi
664 3501 680 3535 n
696 3482 770 3552 pacis
787 3482 913 3536 studiosis
929 3482 1006 3535 eiecti
1024 3491 1116 3534 essent
1131 3481 1243 3550 scilicet,

134 3555 211 3608 iuxts
232 3551 333 3606 moenie
355 3551 548 3614 versabantur3
578 3550 623 3603 elii
640 3553 668 3604 in
685 3552 820 3604 rnoenibus
837 3559 940 3604 etentes
956 3551 1032 3621 qussi
1049 3567 1083 3604 ex
1100 3549 1178 3620 plebe
1196 3550 1244 3604 he-

135 3626 219 3677 mines
244 3639 334 3692 pecern
360 3619 508 3674 clamabant
528 3628 556 3673 et
577 3620 710 3674 dextersrn
733 3622 875 3703 petebat,
899 3621 1084 3689 Romanosque
1101 3619 1242 3689 vocabant,

137 3693 215 3760 qussi
240 3701 332 3762 portes
357 3689 475 3774 aperturi
497 3694 603 3772 essent..
637 3707 670 3742 ec
692 3689 786 3744 rnilrtes
810 3691 916 3758 quidem
939 3689 1004 3742 nihil
1025 3689 1152 3758 suspicati
1175 3705 1244 3756 epus

137 3758 1243 3898 titttttl:’ris‘ltnt‘ztssltttttttt:stltttrttttttltln

137 3897 267 3950 moderati
283 3899 402 3966 responsi
418 3904 568 3967 acceperet.
601 3897 695 3950 milites
711 3898 794 3965 igitur
811 3915 858 3951 sno
876 3898 933 3951 Ιοαο
950 3914 1055 3950 manere
1069 3897 1158 3950 iussit.
1193 3895 1242 3950 sed

138 3983 197 4019 cum
221 3967 327 4035 quidem
352 3967 385 4019 nd
407 3977 497 4036 portes
514 3967 565 4020 ism
582 3967 790 4036 procurrissent,
817 3968 837 4020 ii
854 3969 900 4036 qni
917 3985 946 4020 se
963 3967 1062 4019 eiectos
1080 3983 1139 4020 esse
1156 3967 1243 4033 finge·

137 4037 203 4090 bant
226 4035 409 4104 reingiebsntt
435 4043 463 4088 ut
481 4053 544 4090 vero
562 4038 633 4088 intre
651 4036 724 4089 urbis
741 4045 829 4089 turres
844 4037 881 4090 illi
898 4042 1090 4105 pervenerant,
1116 4051 1242 4088 excurre·

138 4113 202 4158 runt
218 4121 317 4174 eosque
334 4105 570 4162 circumvenerunt.
605 4105 651 4175 qni
668 4123 732 4159 vern
749 4106 778 4157 in
795 4107 930 4160 moenibus
948 4110 1038 4169 erent,
1059 4104 1113 4156 tels
1130 4109 1159 4157 et
1174 4121 1242 4158 sexs

137 4180 232 4228 nnntm
256 4193 302 4228 eos
327 4173 472 4226 iaculantes
496 4176 649 4228 ecciderunt
673 4176 782 4239 multos,
808 4176 898 4244 piures
921 4174 1151 4227 conrnlnersrnnt.
1186 4189 1240 4244 qne

137 4261 259 4298 successu
275 4243 367 4297 ludaei
383 4241 551 4299 exsultabant
566 4251 597 4299 et
610 4249 689 4299 sente
706 4245 904 4299 eonmtiebenn
926 4243 1006 4299 Titne
1022 4259 1086 4298 vere
1102 4249 1132 4298 st
1146 4251 1241 4298 centn·

136 4313 224 4370 rienes
239 4313 333 4370 milites
346 4306 524 4381 'enegarat-
