3050 4900
291 334 367 411 528
641 326 814 403 10anss
837 326 1034 401 nonem

385 524 471 609 Ἤδη
489 522 523 589 dd
537 526 593 589 τοό
607 521 668 608 πρὸ
684 529 745 587 τῶν
760 524 868 604 τειχῶν
877 514 983 607 χάρου
996 518 1210 601 λξισιοδέντος,
1226 519 1392 604 desipere·
1500 533 1501 582 t

289 638 392 699 θεῖναι
413 625 598 711 βουλόμενος
619 626 654 691 sd
678 622 903 711 στρατόπεδον,
924 624 963 689 sd
983 602 1211 710 καρτερώτατον
1226 631 1281 707 τῆς
1297 624 1395 690 δυνά·

289 759 372 817 μεως
388 730 637 816 άντιπαρεξέτεινε
652 733 697 817 τῷ
712 730 817 809 τείχει,
839 732 891 791 καλ
907 725 987 793 uduo
1004 728 1222 815 πεφραγμένων
1234 727 1396 805 Ἰουδαίοις

288 843 350 903 τῶν
376 838 549 922 ἐκδρομῶν,
574 828 886 920 ἐστρατοπεδεύσαντο
912 829 942 894 oi
964 826 1110 914 ‘Propensior
1133 833 1202 898 ἐκεῖ.
1253 835 1333 916 τρισί
1358 834 1398 896 δέ
1501 805 1502 894 λ

288 942 415 1023 τείχεσιν
436 934 456 1021 ἡ
481 934 569 1012 πόλις
584 936 816 1020 περιεβέβλητο·
841 931 918 998 tuoe
935 932 968 997 δ’
986 930 1008 1017 ἦ
1026 931 1119 1020 φάσις
1132 938 1190 998 τοῦ
1205 930 1301 998 τόπου
1316 932 1423 1003 rod-5

289 1068 346 1128 την
369 1038 507 1127 ιδχόρου,
533 1036 577 1104 ἓνλ
598 1037 751 1125 περιβόλῳ
770 1038 922 1117 διέζωστο.
972 1034 1053 1103 οὕτω
1071 1036 1103 1103 δ’
1122 1034 1251 1120 ίχοάσης
1266 1044 1322 1121 τῆς
1338 1036 1398 1102 πό·
1502 1079 1503 1114 ,

250 1153 368 1223 Βλεως
391 1144 507 1228 άπορος
528 1138 626 1208 έδόκει
649 1148 693 1229 τῷ
719 1142 802 1227 Τίτῳ
824 1137 845 1223 ή
867 1137 1035 1225 προσβολή.
1086 1141 1162 1218 τέως
1183 1139 1216 1204 δ’
1241 1133 1295 1205 οὖν
1311 1140 1398 1217 ἔδοξε

291 1248 370 1316 κατὰ
386 1246 421 1313 sd
435 1242 575 1311 Ἰωάννου
591 1252 646 1311 τοῦ
664 1244 826 1330 ἀρχιερέως
839 1252 986 1326 μνημεῖον
1001 1242 1214 1330 προσβάλλειν.
1263 1248 1314 1309 καὶ
1331 1255 1399 1321 τοῖς

290 1350 426 1437 τάγμασι
444 1352 538 1436 δῃοῦν
554 1348 593 1414 τά
608 1348 667 1433 πρδ
685 1353 739 1431 τῆς
754 1344 871 1424 πόλεως
885 1344 1086 1431 tyanensem,
1104 1357 1275 1433 συμφορεΐν
1290 1372 1323 1413 τε
1340 1348 1397 1429 τὴν

289 1454 385 1538 όλην,
405 1453 450 1517 ‘is’
476 1454 615 1539 ἒγείροιεν
636 1447 779 1534 χιόματα.
828 1451 880 1514 καὶ
904 1449 934 1514 οἱ
956 1450 1014 1533 μέν
1035 1452 1079 1527 είς
1101 1448 1189 1535 ἔργον
1202 1441 1277 1534 ἦγον
1290 1451 1328 1515 sd
1345 1454 1437 1519 ssd-1⁰

289 1564 424 1640 λιοσμα,
449 1562 511 1621 τῶν
534 1556 568 1620 δέ
587 1550 742 1639 χωμάτων
765 1553 967 1639 έγηγερμίνων
989 1550 1152 1640 προσάγειν
1168 1552 1241 1631 τοδς
1255 1551 1397 1640 κριαόςό

291 1664 385 1738 Τίτος
401 1660 582 1745 προσέταττε
598 1660 649 1722 καί
665 1655 787 1724 τόπτειν
803 1657 839 1721 sd
856 1666 963 1739 τεῖχος.

388 1762 471 1846 Ἤδη
497 1766 559 1826 τῶν
585 1767 679 1845 κριῶν
702 1760 861 1846 η’ργμένων
882 1758 1043 1845 τριχόθεν,
1068 1758 1199 1835 ἐξαισίου
1222 1783 1256 1823 τι
1280 1753 1398 1823 κτάπου

234 1886 240 1945 t
291 1866 347 1951 τήν
363 1862 451 1931 πόλιν
468 1860 726 1950 περιηχήσαντος,
751 1862 870 1950 κραυγή
886 1863 972 1949 παρὰ
988 1868 1050 1927 τῶν
1066 1861 1150 1927 ἔνδον
1165 1860 1273 1947 ήρθη,
1297 1868 1349 1927 καὶ
1366 1862 1397 1925 oi

291 1972 474 2038 στασιασταὶ
498 1970 648 2045 δείσαντες
672 1963 867 2050 ιδμονόησαν,
892 1965 995 2049 κοινήν
1015 1966 1072 2047 τήν
1094 1964 1214 2048 ἄμυνον
1230 1964 1308 2051 πρὸς
1324 1966 1396 2042 τοὺς
1404 1977 1436 2030 15

291 2076 454 2157 πολεμίους
475 2076 631 2137 ποιεῖσθαι
653 2072 843 2153 συνθέμενοι.
893 2076 955 2136 τῶν
976 2094 1010 2153 γε
1031 2068 1094 2151 μήν
1116 2075 1209 2155 κριῶν
1223 2066 1398 2134 τυπτόντων

151 2182 275 2243 runt
293 2176 349 2259 οόχ
373 2174 518 2241 όπεδίδοα
543 2173 578 2239 τό
603 2184 699 2257 τεῖχος
721 2170 942 2255 πληττόμενον,
966 2174 1060 2257 γωνία
1083 2172 1121 2237 δι’
1141 2197 1189 2248 τις
1210 2168 1307 2254 μόνον
1330 2168 1399 2248 ἑνὸς

289 2286 351 2345 τῶν
375 2278 498 2365 πόργων
519 2278 752 2363 παρακεκίνητο,
777 2275 813 2341 sd
831 2277 865 2341 dd
880 2286 979 2359 τεῖχος
992 2273 1134 2362 ιῖκέραιον
1150 2265 1200 2358 ἦν.
1246 2275 1399 2340 Ἰουδαῖοι

291 2380 325 2447 δέ
346 2380 419 2458 τοὺς
430 2378 599 2462 Ῥωμαίους
614 2380 851 2463 ἐσκεδασμένους
867 2377 1135 2467 παρατηρήσαντες
1150 2377 1230 2443 κατὰ
1246 2380 1281 2443 τό
1299 2405 1397 2466 στρα-

289 2483 432 2561 τόπεδον,
451 2483 590 2547 ἐκθέουσι
607 2483 734 2562 πάντες,
752 2489 814 2567 πάρ
832 2495 898 2560 ταῖς
912 2493 1063 2566 μηχαναῖς
1078 2483 1278 2569 ίπιφίροντες.
1312 2483 1435 2566 dccviii]

290 2590 325 2656 δέ
341 2590 408 2673 περὶ
425 2585 480 2662 τὰς
496 2579 644 2659 ἑλεπόλεις
660 2581 745 2666 μάχη
762 2586 905 2651 συνέπεσε
914 2634 925 2666 ,
951 2593 1013 2650 τῶν
1027 2587 1084 2668 μέν
1095 2582 1309 2670 όποπιμπράν,
1335 2594 1397 2652 τῶν

237 2769 241 2778 ,
292 2693 327 2760 dd
343 2688 468 2758 κωλόειν
484 2687 684 2771 βιαζομένων·
707 2686 857 2752 Ἰουδαῖοι
875 2689 909 2751 δέ
924 2685 1082 2773 όπερεῖχον
1098 2691 1131 2766 ἐξ
1148 2688 1299 2766 ἀπονοίας.
1341 2694 1396 2754 καί

291 2796 327 2863 τὸ
346 2801 407 2882 πῦρ
423 2799 484 2860 τῶν
500 2789 663 2857 έλεπόλεων
679 2788 807 2876 ἥπτετο,
826 2793 877 2856 καλ
895 2794 921 2856 ελ
936 2791 981 2875 μή
998 2789 1015 2856 d
1034 2795 1128 2869 Τίτος
1144 2792 1200 2858 σόν
1211 2792 1395 2869 τοῖςὶππεῦ-

291 2925 341 2968 σιν
367 2897 575 2982 ἐπεβοήθησε,
606 2897 658 2960 καλ
682 2896 908 2983 κατεφλέγησαν
931 2893 979 2961 ἄν.
1029 2901 1084 2962 νῦν
1100 2897 1135 2961 δέ
1149 2902 1208 2962 τῶν
1224 2893 1395 2983 προμάχων

360 3075 379 3130 d
394 3067 595 3140 πεφραγμένων
609 3071 686 3140 tw,
702 3065 904 3140 πεπραγμένων
918 3073 952 3129 Ρ.

394 3227 436 3281 Eo
453 3223 539 3298 spetio
556 3224 627 3307 qnod
642 3231 705 3278 ente
720 3225 824 3279 snoenie
839 3233 882 3281 est
897 3229 1063 3298 complsusto
1079 3229 1158 3284 Titus
1169 3227 1300 3299 cupierunt
1312 3231 1393 3282 robur

290 3297 325 3355 sd
350 3315 438 3352 muros
462 3293 592 3360 extendre,
622 3295 817 3364 abstractisque
841 3297 996 3352 ludseoruns
1022 3299 1220 3352 excursionibus
1242 3307 1333 3351 cestre
1355 3299 1393 3350 ibi

311 3369 392 3422 osuit.
427 3365 491 3420 urbs
511 3362 608 3432 triplici
633 3381 705 3417 snuro
728 3365 886 3419 circumdate
908 3369 975 3436 ruit,
1001 3368 1046 3422 ubi
1067 3387 1134 3422 reru
1149 3369 1203 3421 situ
1220 3368 1276 3437 ipso
1292 3367 1393 3419 munie-

290 3388 383 3506 batur,
411 3435 522 3506 simplici
544 3433 681 3487 duntaxat.
716 3437 786 3503 quod
810 3452 867 3488 cum
890 3435 928 3489 its
951 3445 1037 3504 esset,
1064 3437 1226 3507 oppugnatio
1241 3435 1394 3488 difficillime

290 3509 357 3562 Tito
382 3507 530 3560 ridebatur.
575 3503 622 3556 sed
646 3511 732 3556 temen
757 3505 842 3558 visun
867 3512 911 3557 est
934 3507 1009 3560 ium
1032 3508 1137 3560 Iosnnis
1159 3507 1290 3577 pontificis
1313 3506 1395 3558 nroni·

290 3585 405 3632 ruentum
428 3593 484 3628 eam
506 3572 613 3626 adoriri.
649 3591 681 3626 ec
697 3573 813 3642 legiones
828 3575 978 3628 enburbsne
993 3585 1102 3630 vertere
1116 3578 1191 3630 iubet
1206 3575 1393 3644 materiamque

292 3647 326 3700 ed
350 3645 503 3699 excitandos
527 3659 638 3712 eggeres
662 3653 839 3713 comportere.
873 3661 925 3712 quo
947 3646 1018 3698 iscto
1041 3655 1071 3699 et
1091 3646 1235 3716 aggeribus
1251 3645 1394 3698 exstructis

290 3715 372 3771 Titus
390 3715 487 3766 nrietes
503 3712 634 3765 admoveri
650 3729 683 3764 sc
699 3729 786 3766 muros
803 3712 902 3782 pulseri
918 3713 1005 3768 iussit.

249 3803 252 3808 ·
395 3783 450 3835 Insn
474 3799 531 3834 oum
554 3782 651 3834 erietes
671 3781 807 3834 tribunes
824 3783 945 3851 portibus
961 3782 1063 3836 moenis
1079 3784 1160 3839 ferire
1177 3783 1341 3853 coepissent,
1367 3792 1394 3834 et

289 3853 431 3908 inusitstns
460 3853 548 3934 ίιιιροτ
577 3851 667 3903 urbem
690 3849 935 3919 circummuniant,
959 3854 1070 3906 densere
1092 3854 1127 3907 eb
1150 3853 1266 3906 obsessis
1287 3853 1396 3905 subluto

290 3919 412 3978 seditiosi
433 3921 519 3974 territt
541 3936 571 3972 se
594 3920 681 3973 bootes
703 3921 831 3973 communi
854 3938 905 3989 ope
926 3923 1124 3993 propulsatum
1146 3938 1207 3974 esse
1227 3921 1393 3990 pepigerunt.

290 4006 379 4047 murus
401 3997 490 4043 temen
511 3988 608 4042 ictibus
630 3989 739 4041 srietnrn
763 4006 815 4042 non
837 3991 933 4057 cessit,
958 3991 1053 4060 engulo
1070 3992 1199 4044 dnntexst
1215 3991 1299 4044 turris
1315 3991 1393 4043 unius

290 4069 389 4128 emoto,
415 4075 487 4113 usuro
510 4057 642 4112 incolumi.
680 4057 773 4110 lndsei
789 4075 853 4111 vero
871 4075 929 4112 cuns
943 4060 1075 4114 Romanos
1091 4061 1120 4114 in
1136 4059 1233 4113 cestris
1247 4059 1393 4130 dissipstos

291 4132 492 4194 observassent,
517 4131 661 4180 excurrunt
682 4143 771 4180 ornnes
796 4135 823 4179 et
844 4127 932 4196 ignem
948 4129 1073 4182 mechiris
1086 4129 1218 4182 iniicinnt.
1252 4129 1300 4181 ubi
1316 4139 1391 4180 etrus

289 4213 308 4267 p
363 4217 378 4252 s
394 4207 487 4251 exorte
503 4203 560 4263 est,
577 4196 618 4250 iris
637 4213 680 4248 ees
695 4195 851 4261 incendere,
869 4197 921 4249 illis
932 4197 1082 4253 incendium
1093 4199 1217 4252 cohibere
1227 4198 1388 4250 conantibus.

360 4267 452 4318 Indsei
474 4283 507 4318 ex
531 4266 715 4334 desperatione
733 4265 884 4331 superiores
898 4269 1024 4336 inerunt,
1050 4279 1079 4322 et
1094 4267 1229 4323 mscbinse
1244 4267 1297 4320 ism
1313 4265 1388 4319 erde-

289 4333 371 4400 bsnt,
395 4349 427 4386 sc
451 4333 501 4386 nisi
524 4334 604 4390 Titus
630 4351 687 4390 uun
712 4333 844 4405 equitibus
869 4335 988 4394 subsidio
1014 4338 1148 4409 venisset,
1171 4337 1390 4408 eonnegrsssest·
