3050 4900
310 327 356 373 xa
647 299 895 371 munorum
918 299 1084 370 WOLFII

309 489 428 558 nasimi
447 489 509 556 viri
529 503 562 556 et
580 489 732 556 senamris
751 489 847 574 regii,
875 487 998 556 domini
1010 489 1160 580 Gaspsris
1173 510 1192 554 a
1204 490 1354 580 llydprug
1367 505 1415 560 etc

224 611 228 629 ·
309 597 389 660 ultro
417 593 647 683 suppeditatas:
679 615 774 682 quem
798 604 916 675 totum,
943 593 1086 661 adiutore
1108 595 1268 660 Hieremia
1289 595 1416 679 Martio,

309 699 482 788 praeclarae
504 697 619 764 indolis
641 695 838 764 adolescente
860 697 966 783 (cuius
984 700 1018 763 in
1036 697 1097 766 boo
1111 721 1205 788 opere
1219 699 1337 766 Graeca
1351 702 1414 765 La·

309 804 433 889 tiaeque
455 801 660 867 exscribendo
683 803 791 868 solerti
811 814 844 866 et
862 801 950 866 lideli
961 824 1057 892 opera
1070 825 1142 868 sum
1154 805 1266 888 usus),
1291 806 1415 884 contuli,

309 917 340 970 et
361 907 474 969 multas
495 907 595 973 nostri
615 903 730 972 codicis
743 909 869 972 lacunas
882 908 1017 994 expleri.
1068 907 1120 994 qui
1133 907 1233 972 sicubi
1245 911 1339 972 ambo
1352 931 1416 972 non

309 1012 537 1091 satisfecerunt,
563 997 701 1076 caeterbs
716 1033 839 1097 quoque
854 1022 916 1074 tres
928 1011 1070 1098 inspexi,
1091 1023 1123 1074 et
1136 1033 1156 1075 e
1169 1012 1266 1077 variis
1281 1010 1416 1076 difficul-

307 1115 422 1177 tatibus
436 1135 488 1177 me
502 1127 617 1201 quanto
631 1115 719 1203 potui
732 1113 836 1180 studio
851 1112 1015 1202 expedivit
1040 1126 1155 1201 quanto
1174 1117 1297 1195 labore,
1319 1137 1415 1180 nemo

308 1217 486 1282 aestimabit
495 1219 606 1283 melius
620 1239 713 1305 quam
728 1220 782 1305 qui
794 1219 863 1306 ipse
876 1219 981 1306 operis
992 1240 1057 1282 non
1070 1216 1232 1283 disumilis
1245 1218 1417 1306 periculum

307 1322 423 1386 iecerit.
476 1323 504 1386 si
518 1343 593 1408 qua,
607 1323 641 1386 in
655 1321 836 1388 diversitate
848 1323 916 1403 illa,
931 1322 1084 1387 momenti
1095 1321 1222 1386 alicuius
1238 1343 1310 1386 esse
1323 1321 1417 1386 vide-

307 1426 432 1505 bantur,
448 1423 488 1488 ad
502 1409 599 1490 hem
614 1427 716 1516 operis
730 1425 891 1514 adscripsi.
928 1426 1181 1492 manifestavero
1194 1427 1417 1514 praetermissa

305 1540 359 1592 aut
373 1525 540 1616 depravata
552 1552 616 1594 non
629 1530 787 1600 annotavi.
829 1531 916 1594 cuius
928 1532 1015 1594 enim
1028 1527 1204 1595 dementiae
1216 1531 1325 1610 fuerit,
1342 1552 1417 1618 per-

305 1631 463 1718 sequenda
482 1634 677 1699 librariorum
698 1637 751 1700 rol
772 1635 896 1698 inscitia
910 1637 962 1700 rel
975 1635 1160 1717 negligentia
1172 1637 1224 1700 rel
1237 1632 1369 1721 perlidia
1384 1645 1417 1697 et

305 1736 384 1800 mibi
404 1747 435 1799 et
453 1737 617 1801 lectoribus
631 1740 785 1804 facessere
798 1738 981 1820 negotium‘l
1031 1749 1066 1802 ut
1078 1739 1163 1803 enim
1175 1740 1281 1802 oculus
1294 1739 1418 1818 integer

303 1838 470 1904 candidum
482 1861 500 1904 a
514 1842 602 1922 nigro
616 1843 706 1906 lacile
721 1840 883 1922 discernit,
897 1843 943 1907 sic
955 1853 1044 1907 acuto
1059 1855 1091 1906 et
1104 1843 1272 1906 exercitato
1285 1841 1416 1922 ingenio

303 1941 412 2010 videro
425 1966 489 2008 non
503 1942 628 2010 difficile
642 1957 708 2028 est,
728 1967 808 2032 quae
821 1947 913 2011 lectio
925 1965 1000 2012 rara
1014 1946 1070 2024 ait,
1093 1966 1171 2033 quae
1185 1946 1417 2034 praetermissa,

303 2067 383 2132 quae
406 2046 513 2112 addita
536 2071 578 2113 ex
597 2070 804 2140 supervacuo,
826 2071 905 2135 quae
924 2048 1093 2138 depravata
1114 2051 1186 2117 sint.
1237 2070 1340 2134 neque
1363 2049 1418 2110 his

303 2158 465 2213 contentus
480 2149 616 2216 indicem
629 2175 752 2242 quoqne
766 2150 884 2217 adieci:
909 2153 992 2240 quod
1007 2174 1103 2235 genus
1118 2173 1246 2242 operae,
1269 2153 1418 2237 quamvis

302 2251 468 2316 lectoribus
477 2253 700 2335 utilissimum,
716 2270 749 2319 ut
760 2257 839 2322 nihil
848 2253 1020 2323 admodum
1028 2255 1129 2323 laudis
1139 2269 1172 2320 et
1180 2257 1298 2338 ingenii
1309 2256 1417 2336 babet,

302 2355 346 2418 ita
361 2356 491 2418 multum
506 2356 657 2441 temporis
671 2367 703 2453 et
714 2358 830 2420 laboris
843 2361 904 2421 sibi
917 2359 1077 2438 vendicat,
1103 2358 1285 2448 praesertim
1300 2359 1327 2422 si
1342 2380 1417 2422 eum

302 2457 439 2523 indicem
462 2481 519 2548 per
540 2460 690 2545 temporis
711 2460 870 2538 angustias
882 2471 914 2522 et
927 2462 1005 2522 alias
1020 2466 1236 2548 occupationes
1252 2466 1295 2524 ita
1309 2475 1419 2549 perte-

301 2582 377 2628 xere
395 2564 535 2627 licuisset
551 2562 598 2625 uti
615 2582 790 2651 coeperam.
842 2560 915 2647 quid
935 2564 1054 2626 multat
1105 2562 1228 2628 confido
1240 2582 1292 2625 me
1306 2566 1418 2630 officio

301 2665 403 2730 fidelis
425 2678 457 2731 et
478 2689 543 2732 non
563 2663 706 2731 indiserti
726 2665 901 2751 interpretis
922 2664 1031 2730 sedulo
1053 2686 1124 2729 esse
1144 2669 1298 2744 iunctum,
1323 2667 1358 2731 in
1380 2667 1418 2733 id

302 2782 383 2835 carte
398 2792 526 2860 operam
541 2768 625 2835 dodi.
676 2772 726 2835 sin
738 2768 809 2832 aliis
823 2768 906 2833 aliud
921 2768 1092 2848 ridebitur,
1111 2767 1186 2833 illud
1201 2771 1312 2833 saltem
1326 2773 1417 2836 affir-
1516 2783 1517 2790 ’

302 2894 387 2937 mare
406 2895 553 2961 possum,
580 2872 730 2960 mequod
745 2872 866 2938 scierim
882 2886 913 2937 et
924 2874 1080 2962 potuerim
1091 2871 1155 2936 fids
1169 2874 1287 2962 optima
1299 2876 1418 2941 fecisse

302 2988 334 3042 et
347 2974 507 3057 diligentia
518 2997 659 3057 summa3
678 2977 778 3041 sicubi
788 2997 863 3041 vero
877 2990 930 3041 aut
943 2976 1061 3059 ingenii
1072 2978 1155 3041 vires
1165 2988 1218 3040 aut
1228 2973 1415 3044 eruditionis

301 3079 391 3144 nervi
411 3080 490 3144 mibi
511 3077 679 3160 defuerint,
706 3084 848 3144 fortunae
868 3102 939 3145 eam
952 3102 1022 3146 esse
1037 3082 1174 3169 culpam,
1197 3082 1416 3147 infelicitatem

301 3202 423 3266 meam,
449 3204 529 3270 quae
543 3206 615 3249 cum
627 3184 697 3247 aliis
710 3194 829 3247 tantum
844 3182 1019 3273 displiceat,
1040 3185 1121 3248 mibi
1133 3184 1230 3249 etiam
1242 3186 1415 3272 plurimum

301 3298 403 3352 nocet.
454 3309 556 3373 neque
577 3300 642 3351 tam
663 3288 805 3374 iniquum
825 3290 922 3353 ullum
942 3310 1013 3354 esse
1032 3300 1125 3376 puto,
1152 3291 1206 3376 qui
1226 3292 1297 3377 plus
1318 3312 1336 3351 a
1357 3312 1416 3354 me

301 3392 437 3480 postulet
458 3412 552 3477 quam
574 3403 730 3479 praestare
750 3411 873 3477 queam.
924 3413 981 3474 ego
995 3412 1072 3458 vero
1086 3394 1144 3472 iis,
1170 3394 1223 3479 qui
1237 3395 1288 3458 rel
1302 3394 1336 3455 in
1349 3395 1413 3457 boc

300 3496 352 3559 rel
365 3496 400 3559 in
413 3494 484 3560 aliis
498 3496 644 3583 operibus
656 3516 736 3559 ame
746 3496 906 3561 conversis
917 3495 1042 3559 laudem
1052 3495 1188 3561 solidam
1199 3506 1411 3579 assequentur,

299 3600 474 3679 gratulabor
487 3599 590 3687 potius
604 3621 697 3687 quam
708 3599 868 3665 invidebo.
908 3602 1088 3679 eumenim,
1103 3597 1251 3685 quidquid
1261 3597 1411 3664 hactenus

300 3699 403 3786 edidi,
416 3684 456 3766 id
464 3703 515 3770 rol
527 3703 648 3791 publica
661 3704 792 3769 utilitate
803 3706 856 3772 rel
868 3707 1058 3794 temporibus
1071 3704 1151 3765 meis
1164 3699 1312 3767 adductus
1323 3705 1411 3766 iece-

299 3806 375 3887 rim,
401 3828 459 3871 nec
482 3817 548 3871 tam
568 3809 686 3872 tamam
709 3809 859 3895 capturim
879 3830 973 3895 quam
995 3811 1111 3869 lamam
1133 3804 1275 3887 vitarim,
1300 3808 1329 3871 si
1350 3828 1409 3870 eae
1516 3861 1517 3868 ,

299 3909 525 3975 lucubrationes
554 3931 644 3976 meas
673 3912 890 3977 illustrioribus
913 3912 1045 3974 aliorum
1067 3907 1273 3988 editionibus,
1299 3912 1408 3997 quales

301 4012 396 4098 aliqui
409 4015 608 4101 pollicentur,
629 4013 725 4103 aliqui
739 4016 835 4081 etiam
848 4016 1019 4093 minantur,
1041 4013 1175 4077 abolitae
1188 4014 1316 4093 fuerint,
1341 4035 1406 4078 non

300 4116 408 4201 iniquo
423 4118 528 4183 animo
541 4118 705 4183 ierendum
719 4120 793 4200 erit,
818 4138 924 4182 rneum
937 4115 1093 4205 privatum
1107 4113 1241 4182 dedecus
1262 4114 1406 4202 (siquod

301 4231 406 4283 tamen
419 4219 551 4286 infelicis
565 4226 668 4309 potius
683 4242 778 4307 quam
789 4221 948 4286 inhonesti
960 4230 1088 4286 conatus
1101 4233 1149 4286 est
1162 4218 1316 4301 dedecus)
1335 4241 1406 4283 cum

299 4320 498 4411 reipublicae
512 4324 677 4390 littorariae
689 4326 820 4391 utilitate
833 4325 992 4408 coniungi,
1010 4326 1111 4391 cuiex
1119 4325 1224 4389 animo
1234 4324 1408 4389 consultum
