3050 4900
583 328 831 402 marano.
1192 349 1255 396 xm

156 545 267 591 nomm
280 524 500 612 imperatorum
513 521 623 604 genie,
645 523 814 588 lueioribue
826 523 906 586 forte
918 515 1012 584 editio
1025 515 1255 582 commentariie

156 631 274 695 verenti
287 629 347 691 eint
359 627 569 715 Theophanes
583 623 738 691 Gedrenui
751 625 903 708 Scyliteee
915 635 947 686 et
960 623 1077 707 aliquot
1088 620 1160 699 alii,
1180 641 1255 684 con-

158 719 220 796 et‘at
242 730 278 794 id
297 731 438 794 Zonarac
458 732 491 793 in
513 731 621 820 primia
643 731 805 794 concilium
823 727 938 808 luieee,
962 735 1072 791 utnon
1084 722 1257 812 pleniorem

158 831 419 920 quemadmodum
430 833 454 896 ii
466 833 642 913 historiam,
657 831 711 898 eed
725 831 959 896 contractiorem
971 839 1063 913 etque
1075 825 1156 890 adeo
1168 847 1259 892 caru·

157 935 304 1024 pendium
322 936 544 1016 conscriberet,
568 938 600 1000 in
623 957 684 1022 quo
703 935 868 1016 singularia
886 952 1025 1018 quaeque
1039 943 1071 997 et
1082 949 1163 1017 quae
1174 929 1209 992 in
1219 949 1256 992 re

159 1041 300 1102 historica
313 1040 471 1127 praecipui
482 1037 660 1104 viderentur
670 1039 817 1126 ponderis
830 1037 1056 1124 penningeret·
1090 1055 1131 1096 ex
1143 1033 1255 1118 quitur

155 1143 244 1205 facile
267 1141 392 1206 diluitur
413 1140 496 1227 quod
514 1143 558 1206 ait
578 1141 733 1208 Gerardue
749 1142 901 1220 Voeeine,
922 1150 990 1202 tum
1002 1140 1036 1202 in
1051 1159 1090 1201 eo
1103 1136 1256 1200 maiorem

155 1266 258 1308 curem
278 1257 310 1309 ct
329 1243 514 1308 industriam
536 1243 720 1326 desiderari,
740 1257 808 1308 tum
820 1245 916 1308 etiam
928 1236 1256 1306 maximemirauduau

156 1369 240 1429 ease,
261 1350 365 1412 virum
377 1368 475 1436 aequa
487 1347 566 1413 adeo
580 1351 791 1438 experientem
802 1347 837 1410 in
850 1347 900 1411 eui
911 1345 1062 1434 temporie
1072 1340 1256 1431 praeeertim

156 1453 245 1515 rcbue
258 1455 405 1538 pleraque
418 1453 622 1539 perfunctorie
633 1463 755 1516 tantum
769 1449 885 1531 dicere,
898 1449 1074 1514 tammulta
1082 1465 1255 1529 magnaque

154 1555 195 1617 iie
217 1555 407 1642 temporibue
427 1565 514 1636 geete
534 1567 622 1636 eunt,
648 1555 791 1621 orientali
804 1556 878 1619 orbe
890 1573 960 1616 cum
972 1547 1153 1618 occidentali
1165 1547 1256 1632 quaei

154 1667 366 1721 concurrente:
391 1655 473 1721 adeo
492 1669 526 1721 ut
543 1678 640 1746 pauca
658 1661 722 1723 eint
742 1657 853 1744 quibua
870 1657 974 1721 alexii
993 1655 1093 1721 vitam
1104 1651 1255 1740 peraffla-

152 1761 242 1824 xerit.
294 1758 343 1840 id,
373 1761 517 1846 inquam,
546 1760 631 1824 baud
652 1781 743 1842 aegre
766 1761 913 1824 refellitur
934 1781 977 1824 ex
999 1759 1133 1820 auctorie
1154 1752 1256 1840 ipeiua

151 1864 315 1926 Annalium
330 1865 491 1945 lemmata,
507 1866 560 1929 rel
573 1887 613 1929 ex
625 1865 724 1953 ipeiue
736 1864 944 1952 praelatione,
958 1862 993 1924 in
1006 1879 1067 1946 qua
1080 1879 1144 1920 non
1153 1855 1257 1916 hieto·

150 1965 230 2028 riam
252 1963 308 2028 aad
329 1967 477 2030 lrietoriae
498 1965 715 2055 compendium
729 1969 862 2031 ecriltere
877 1987 912 2028 ee
926 1961 1105 2048 prolitetur3
1124 1957 1168 2018 ita
1182 1965 1217 2016 ut
1228 1954 1258 2018 ei

149 2069 311 2156 prolixiori
324 2069 372 2133 eui
386 2072 534 2158 temporie
547 2091 598 2134 ree
609 2071 720 2134 loieeet
730 2077 911 2155 pereecutue
920 2059 1109 2136 namucno,
1121 2058 1256 2145 Pflffl'lfl

148 2172 308 2256 ecriptoria
328 2173 467 2236 ulllcium
486 2173 618 2235 minime
638 2173 826 2234 obearraeee
845 2164 1010 2232 diceretur:
1040 2181 1123 2241 cum,
1153 2172 1188 2224 ut
1210 2161 1255 2224 eit
1327 2167 1332 2174 '

146 2271 270 2336 Pliniue
290 2276 382 2352 alter,
407 2275 532 2334 titulum
548 2291 641 2335 auum
653 2274 756 2350 legere
768 2265 892 2348 debeat,
915 2278 1006 2351 atque
1017 2261 1190 2328 identidem
1201 2264 1254 2328 iu·

149 2383 311 2453 terrogara
330 2394 366 2437 ee
386 2371 461 2459 quid
475 2373 609 2459 coeperit
619 2371 764 2448 eor-ibere,
783 2369 920 2457 ecireque
934 2370 963 2434 ei
976 2366 1123 2442 materiae
1136 2368 1254 2453 immof

147 2486 238 2538 retur
257 2496 320 2537 non
341 2493 410 2539 eaec
430 2478 571 2556 longum,
590 2474 804 2555 longissimum
824 2476 854 2538 ei
874 2472 992 2561 aliquid
1012 2472 1142 2537 arceeeit
1161 2484 1253 2558 atque

149 2576 286 2641 attrahit.
336 2587 429 2661 atqua
441 2600 482 2642 ex
494 2578 587 2641 hacce
599 2578 737 2643 rimrum
750 2576 941 2645 eruditorum
953 2577 1040 2642 varia
1055 2573 1096 2639 da
1108 2576 1254 2639 Zonarae

150 2680 319 2745 Annalibus
339 2680 491 2743 sententia
511 2692 595 2767 patet
615 2701 708 2766 quam
721 2682 855 2745 inlauata
869 2682 911 2745 eit
923 2700 1033 2746 corum
1045 2700 1115 2744 aare
1128 2678 1182 2763 qui
1194 2678 1256 2741 eli·

151 2779 225 2868 quid
238 2782 369 2845 scribare
385 2782 613 2864 aggrediuntur,
634 2806 704 2846 cum
718 2786 878 2869 quibua-rie
893 2804 930 2846 ec
940 2784 1006 2847 lere
1020 2782 1136 2866 iniquia
1148 2779 1255 2842 homi-

152 2906 227 2948 uum
239 2883 361 2948 iudiciis
376 2896 408 2948 ct
421 2906 568 2949 censurae
579 2886 696 2966 ingenii
708 2888 809 2949 loetue
822 2896 993 2973 exponunt.

253 2986 415 3053 Caeterum
427 2990 459 3052 in
471 2990 635 3053 Annalium
646 2988 774 3052 decursu
784 2991 980 3054 occaeionem
988 2984 1144 3051 interdum
1152 2998 1255 3075 ¹captat

154 3090 290 3155 Zonarm
312 3090 499 3157 Graecorum
521 3111 595 3155 auae
616 3095 725 3156 aetatie
746 3112 851 3157 moree
869 3088 1050 3169 rellleandi,
1072 3092 1169 3156 veluti
1182 3112 1255 3156 curn
1316 3104 1320 3114 '

154 3194 288 3257 virorum
308 3196 582 3259 ecclesiasticorum
602 3196 769 3260 aimonium
788 3196 899 3282 carpit,
925 3204 1066 3260 comatoe
1085 3204 1117 3259 et
1137 3194 1255 3259 cuun-

156 3306 242 3359 natoa
262 3298 416 3384 palatinae
437 3298 613 3385 peretringit
626 3289 680 3380 ¹),
706 3310 737 3361 ct
760 3300 980 3386 imperatorer,
1007 3295 1090 3381 quod
1109 3294 1254 3361 abdicato

153 3398 254 3485 patrio
268 3402 383 3464 raetitu
400 3402 590 3464 barbaricum
605 3402 859 3488 amplecterentur
871 3392 921 3484 ²).
972 3400 1106 3487 denique
1119 3401 1154 3463 in
1164 3398 1253 3483 ipeoe

153 3497 253 3563 adlruc
263 3502 417 3584 Augustae
429 3525 465 3567 ac
476 3526 582 3569 aarum
594 3504 627 3568 in
642 3506 733 3567 rehue
745 3503 997 3570 adminietrandie
1005 3503 1137 3593 publicis
1147 3512 1254 3580 tyrae·
1312 3568 1318 3581 ,

152 3602 257 3667 uidem
278 3606 403 3685 gravius
423 3607 587 3670 invehitur.
637 3628 712 3670 nam
724 3619 758 3670 ut
769 3608 916 3673 Valentia
927 3594 1189 3685 mathematicl⁸l
1211 3602 1252 3669 de

153 3706 235 3769 urbia
249 3706 428 3794 Gpolitanac
442 3706 603 3771 duratione
616 3708 733 3771 editum
748 3712 805 3773 eub
819 3709 1021 3775 Gonetanlino
1034 3706 1150 3783 Magno
1161 3718 1253 3770 nata·

151 3808 255 3873 licium
270 3812 373 3873 tlrema
388 3808 621 3898 quodammodo
635 3821 772 3893 tueatur,
798 3834 838 3876 ne
851 3816 980 3878 omnino
993 3811 1107 3873 laleum
1118 3817 1252 3898 putetur,

152 3932 243 3997 quam
265 3934 366 3979 ennoe
388 3918 450 3979 696
471 3913 646 3978 duraturam
666 3914 878 4002 praedixerat,
902 3918 966 3980 iam
989 3913 1066 3977 olim
1084 3936 1153 3978 cum
1173 3918 1251 3979 ecri-

150 4016 242 4079 bebat
253 4016 392 4081 Zonarae
403 4019 544 4107 clapeoe,
558 4016 662 4083 eubdil
674 4028 726 4085 aut
736 4020 849 4085 laleam
860 4014 1098 4087 existimandam
1106 4021 1251 4087 valentia

217 4212 257 4281 l)
290 4213 339 4267 lib.
359 4210 455 4269 lecal·
475 4214 518 4272 lt.

217 4281 258 4419 {t
291 4282 339 4449 lt:
356 4284 534 4488 ttuqt·
