3050 4900
317 302 364 348 xx
769 263 986 345 DUGAllGll¹

318 470 372 536 edi
393 465 584 544 curavimus,
607 464 676 527 aliis
700 463 790 528 certis
814 487 854 528 ex
877 464 978 529 causis
1001 467 1139 547 reiectis,
1160 480 1227 534 tum
1249 471 1345 537 etiam
1365 498 1414 556 ne,

317 578 346 639 si
367 571 567 636 crebrioribus
591 565 746 630 eiusmodi
766 571 953 647 argumentis
966 572 1154 635 fuscarentur
1166 575 1236 636 libri
1250 579 1414 660 margines,

315 675 461 742 editionis
484 691 608 758 prorsus
627 669 745 750 Regiae
765 683 912 735 venustas
926 693 961 733 sc
974 676 1121 739 maiestas
1134 683 1415 744 commacularetur.

315 793 407 866 atque
428 774 462 840 id
482 773 610 859 quidem
624 793 734 836 causae
748 775 823 852 luit,
844 787 878 836 ut
893 773 1010 840 Graeca
1023 779 1084 840 ista
1097 792 1275 858 argumenta
1287 784 1321 845 in
1332 786 1413 847 iute-

314 886 413 948 riores
440 879 594 958 margines
622 877 764 955 reiicere,
790 874 873 961 quod
900 882 1013 942 fecerat
1038 881 1195 961 Wolfius,
1220 885 1325 948 visum
1349 909 1413 950 non

312 986 420 1063 fuerit,
445 994 512 1045 tum
533 977 615 1065 quod
636 980 707 1041 illae
727 981 759 1041 in
782 979 969 1044 editionibus
989 982 1096 1064 Regiis
1111 986 1202 1065 vulgo
1215 987 1308 1051 hasce
1322 1000 1413 1054 notas

260 1093 262 1098 ’
312 1091 461 1152 hactenus
490 1105 554 1147 non
582 1081 778 1159 admiserint,
805 1094 872 1145 tum
895 1085 989 1146 etiam
1013 1084 1096 1170 quod
1119 1108 1158 1149 eo
1182 1101 1254 1152 sunt
1275 1093 1413 1172 inutiles,

312 1190 395 1278 quod
429 1187 587 1276 appositae
622 1186 750 1248 Latinae
784 1183 871 1247 idem
896 1208 1022 1272 prorsus
1048 1190 1190 1254 alliciant.
1241 1213 1280 1255 ne
1306 1205 1412 1256 tamen

312 1293 438 1360 Graecis
459 1290 646 1371 argumentis
665 1285 807 1350 fraudare
825 1289 969 1352 lectorem
983 1288 1159 1371 videamur,
1178 1314 1215 1356 ea
1227 1316 1348 1359 rursum
1361 1299 1412 1360 bic

309 1395 500 1472 recudimus,
528 1394 643 1476 aliquot
665 1391 700 1454 in
720 1391 796 1452 locis
817 1412 860 1452 ex
878 1413 942 1455 mss
963 1392 1119 1458 codicibus
1140 1398 1289 1478 auctiora,
1311 1420 1411 1486 eaque

309 1498 479 1566 secundum
492 1497 640 1558 librorum
654 1505 685 1556 et
699 1494 870 1556 sectionum
886 1516 1030 1559 numeros
1045 1495 1180 1578 digesta,
1202 1501 1246 1562 ita
1260 1513 1410 1567 utrarum

308 1624 326 1668 a
340 1603 460 1667 Zonara
474 1603 506 1663 in
519 1598 685 1662 Annalibus
699 1593 920 1682 descriptarum
934 1601 1053 1664 elenchi
1066 1623 1122 1664 seu
1136 1605 1295 1667 summarii
1306 1608 1410 1670 vicem

306 1718 464 1794 praestare
481 1704 612 1791 possint.

409 1805 496 1886 Quid
524 1827 615 1892 porro
644 1815 819 1889 postremae
843 1804 915 1866 huic
938 1827 973 1868 ac
995 1807 1113 1888 Regiae
1133 1831 1258 1896 prorsus
1280 1807 1409 1875 loannis

305 1912 448 1975 Zonaras
470 1909 634 1972 Annalium
657 1904 788 1970 editioni
809 1909 987 1987 accesserit,
1013 1913 1158 1973 lectorem
1180 1914 1307 1976 interest
1328 1913 1410 1978 edo·

306 2035 385 2076 csre.
435 2009 552 2074 Graeca
580 2009 781 2089 contulimus,
810 2012 947 2073 maxime
974 2013 1006 2074 in
1032 2014 1109 2076 locis
1137 2017 1190 2099 qui
1217 2014 1409 2079 dubietatem

304 2111 459 2200 quandam
480 2115 707 2198 praeferebant,
735 2133 804 2175 cum
826 2125 968 2199 quattuor
988 2112 1143 2180 codicibus
1164 2116 1272 2198 Regiis
1293 2130 1324 2181 et
1342 2139 1407 2182 uno

304 2217 478 2282 Golberteo.
528 2213 698 2290 Regiorum
720 2213 782 2276 duo
797 2207 830 2295 ¹)
854 2219 990 2297 integros
1010 2219 1142 2282 Annales
1156 2222 1407 2307 complectuntur,

301 2312 619 2408 praeterquamquod
639 2314 751 2374 horum
772 2316 848 2375 alter
861 2308 899 2394 ²)
922 2320 1043 2383 duobus
1063 2323 1148 2385 foliis
1168 2324 1259 2386 initio
1278 2327 1407 2389 mutilus

303 2433 366 2488 est:
389 2409 540 2500 tertius3)
559 2412 725 2479 secundam
741 2415 903 2478 Annalium
919 2430 1055 2502 partem:
1077 2418 1249 2505 quartus4)
1266 2421 1407 2507 demum,

301 2527 389 2611 isque
409 2521 571 2587 recentiori
593 2517 761 2603 descriptus
781 2538 892 2597 manu,
917 2518 1048 2583 eosdem
1066 2524 1199 2587 Annales
1215 2528 1254 2587 ab
1269 2528 1407 2614 imperio

301 2627 487 2692 Diocletiani
500 2623 539 2687 ad
552 2621 692 2685 Alexium
707 2621 852 2683 continet.
890 2620 991 2685 codex
1003 2618 1224 2709 Colberteus⁶)
1241 2640 1289 2691 sat
1302 2632 1406 2697 bonas

300 2742 410 2807 notae,
435 2728 540 2815 paucis
561 2726 656 2788 etiam
675 2722 797 2809 paginis
817 2724 906 2786 initio
929 2726 1069 2805 mutilus,
1096 2726 1211 2792 desinit
1226 2733 1258 2794 in
1273 2734 1406 2800 huiusce

301 2832 447 2899 editionis
468 2832 638 2894 sectionem
659 2825 700 2889 84
719 2827 789 2887 libri
810 2830 865 2903 12,
891 2828 923 2887 in
937 2827 1103 2893 Maximini
1117 2834 1232 2897 scilicet
1245 2847 1276 2897 et
1289 2837 1406 2903 Licinii

300 2936 474 3023 imperium.
525 2932 628 2995 varias
655 2946 696 2990 ex
720 2926 805 2992 hisce
832 2927 988 2994 codicibus
1016 2947 1173 3020 excerptas
1197 2940 1347 3003 lectiones
1369 2943 1404 3005 in

298 3039 396 3105 Notas
419 3032 550 3099 subinde
569 3032 759 3110 rettulimus,
781 3034 935 3095 nonnullis
954 3054 1034 3119 quaa
1053 3050 1139 3100 extra
1158 3044 1403 3109 controversiam

299 3141 483 3208 videbantur
503 3138 538 3202 in
556 3146 735 3199 contextum
755 3135 857 3220 ipsum
874 3137 1034 3202 immissis.
1085 3141 1269 3223 Hieronymi
1284 3146 1403 3211 Wolfii

298 3246 477 3310 versionem
497 3241 640 3304 Latinam
659 3237 812 3301 interdum
829 3250 860 3301 et
873 3241 970 3303 ramus
984 3241 1235 3324 emendavimus,
1259 3249 1403 3316 maxime

281 3336 284 3343 ¹
298 3351 339 3414 iis
358 3348 434 3411 locis
455 3346 509 3408 ubi
528 3344 660 3407 auctoris
674 3354 810 3404 mentem
823 3365 887 3406 non
902 3344 1029 3408 omuino
1045 3355 1110 3407 erat
1123 3361 1297 3429 assecutus,
1317 3372 1400 3436 quos

296 3455 330 3515 in
351 3450 442 3516 Notis
456 3450 519 3513 lere
533 3468 657 3533 semper
671 3442 857 3520 indicamus3
884 3444 939 3509 sed
952 3450 1134 3533 praesertim
1146 3452 1178 3512 in
1193 3471 1230 3513 ea
1242 3462 1328 3535 parta
1340 3456 1400 3519 ubi

296 3575 346 3619 res
359 3552 551 3637 Byzantinae
561 3558 780 3637 pertractentur
788 3546 940 3634 quaedam
948 3552 1145 3636 potissimum
1150 3554 1399 3639 immutavimus,

296 3718 503 3735 a

365 3816 404 3881 1)
460 3810 543 3879 llll,
561 3827 630 3867 saec.
647 3808 727 3878 Xlll,
745 3813 774 3861 et
791 3807 872 3875 1716,
889 3824 959 3861 saec.
978 3806 1057 3877 XV.]

364 3887 402 3951 2)
458 3880 553 3950 tata]

365 3954 403 4019 3)
438 3949 539 4019 [1768,
554 3964 627 4001 saec.
644 3946 719 3999 xtV.

439 4016 540 4087 trata,
557 4034 627 4070 naec.
646 4014 720 4067 xvt.

363 4024 402 4157 ii
437 4090 523 4158 [nunc
539 4088 579 4141 lte
598 4086 638 4135 'us
656 4081 736 4149 1717,
753 4098 821 4137 saec
833 4078 908 4135 xm.
925 4112 961 4124 -
974 4087 1082 4207 praeter
1096 4082 1143 4138 hos
1157 4084 1277 4143 Zonaras
1288 4091 1396 4151 codiee,

295 4158 407 4214 Parisiis
423 4162 484 4209 sunt
501 4156 554 4208 duo
573 4154 633 4219 aii,
660 4150 728 4204 alter
746 4147 922 4203 Coislittianus
940 4153 973 4208 13
998 4192 1006 4219 ,
1030 4170 1099 4208 saec.
1117 4155 1197 4225 XlV,
1224 4160 1290 4213 alter
1310 4166 1396 4233 paulo

296 4236 356 4299 post
372 4226 502 4279 Zonarant
520 4240 537 4276 a
553 4220 690 4291 Ducangio
708 4220 805 4275 editum
822 4220 939 4275 Parisios
955 4223 1095 4292 advectus,
1117 4226 1217 4295 Regius
1235 4230 1316 4299 1715,
1339 4250 1396 4304 qno

296 4315 344 4351 nos
360 4294 403 4349 usi
417 4292 530 4360 sumus.]
