3050 4900
289 269 365 342 470
643 265 817 333 IOANNIS
843 263 1039 332 ZONARAE

289 456 379 535 τοάς·
405 452 423 521 ὁ
442 453 476 520 δὲ
491 451 568 540 πρὸς
584 453 731 540 Καίσαρα
746 453 855 534 πίμπει
873 451 946 529 τους
960 448 1110 538 ἡγεμόνας
1126 451 1246 517 αδτών·
1274 453 1398 542 Καῖσαρ

291 563 326 628 δὲ
350 557 464 644 μόνους
484 555 626 627 ἐκόλασεν
648 555 716 625 ὅσοι
737 567 888 642 συγγενεῖς
904 555 988 634 ὄντες
998 553 1144 644 Ἡρώδου
1163 555 1398 643 συνεστράτευον

290 673 356 742 τοῖς
371 671 578 739 στασιασταῖς.
992 653 994 659 ’

393 769 451 842 Είς
475 766 511 830 δὲ
531 760 651 847 Ῥώμην
674 761 707 840 ίξ
727 762 879 838 Ἰουδαίας
905 762 1046 846 πρίοβεις
1069 761 1233 848 ἀφίκοντο,
1269 765 1318 827 καί
1345 771 1401 828 τοῦ

294 870 455 957 Καίσαρος
487 865 716 953 ουστηοαμίνου
747 865 906 950 συνίδριον
935 865 964 930 οἱ
995 865 1134 952 πρίσβεις
1165 867 1429 948 συνισταμένουςο

294 973 412 1058 λ’χοντες
432 980 494 1039 τῶν
513 973 560 1037 lul
572 968 693 1054 Ῥώμης
704 969 861 1034 Ἰουδαίων
878 971 944 1054 περὶ
962 965 1202 1052 δητακιοχιλίους
1219 970 1403 1051 αὐτονομίαν

293 1076 398 1166 ᾔτουν.
449 1077 500 1141 καὶ
523 1077 573 1140 lut
596 1072 779 1159 κατηγορίαν
802 1078 864 1138 τῶν
883 1068 1027 1157 Ἡρώδου
1044 1073 1204 1158 τρέπονται
1221 1099 1403 1160 παρανομη-

161 1184 283 1247 alasa
297 1179 420 1266 μάτων·
454 1179 491 1244 οὗ
507 1179 567 1265 γὰρ
583 1176 729 1260 βασιλία,
752 1172 899 1260 τάραννον
916 1175 946 1239 δ’
966 1176 1078 1241 ἐκεῖνον
1095 1174 1231 1242 ἐκάλουν.
1281 1183 1404 1242 πολλῶν

296 1285 356 1371 γὰρ
377 1279 522 1358 πολλάκις
537 1279 701 1347 κακώσειαν
715 1284 760 1367 τῷ
775 1277 857 1342 dileat
874 1277 991 1364 ἴφησαν
1007 1285 1239 1363 συμβεβηκυιιῦν
1257 1278 1403 1362 οὐδεμίαν
1510 1343 1511 1350 ς

296 1390 475 1465 ἐξισοῦσθαι
505 1393 574 1462 ταῖς
603 1384 687 1470 αὐτῷ
717 1382 959 1466 ἔπενηνεγμίναις
983 1381 1058 1469 παρ’
1088 1384 1198 1448 ἐκείνου
1224 1381 1400 1449 κακώσεσιν.
1411 1399 1445 1453 1⁰

296 1487 430 1573 οίάμενσι
453 1479 509 1553 οὖν
530 1486 632 1554 πάντα
653 1491 709 1570 τῆς
729 1486 887 1567 βασιλείας
910 1484 1098 1571 κρατήσαντα
1111 1483 1258 1571 Ἡρώδου
1276 1485 1403 1552 ἴσεσθαι
1510 1575 1511 1588 ¹

295 1589 513 1679 μετριώτερον,
546 1590 684 1673 ιἰομίνως
705 1587 760 1653 τὸν
778 1589 940 1674 Ἀρχέλαον
957 1599 1126 1675 προσειπεῖν
1141 1589 1281 1671 βασιλεία.
1332 1587 1403 1656 itt

298 1698 402 1772 δείσας
426 1691 527 1779 ὥσπερ
550 1692 596 1777 μή
620 1693 678 1776 οὔχ
696 1689 841 1777 Ἡρώδου
865 1693 1014 1774 νομίζοιτο
1037 1702 1109 1770 παῖς
1126 1697 1152 1758 εί
1167 1703 1230 1769 τοῖς
1242 1691 1406 1770 Ἰουδαίοις
1451 1715 1454 1720 “
1510 1687 1511 1754 λ

296 1795 466 1882 ἠπιώτερος
481 1796 637 1884 φαίνοιτο,
671 1797 845 1883 τρισχιλίων
860 1795 980 1882 ἀνδρῶν
997 1796 1118 1884 σφαγήν
1133 1796 1209 1860 κατὰ
1225 1795 1260 1860 τὸ
1277 1797 1405 1878 τίμενος

298 1897 463 1985 ἐποιήσατο
469 1945 480 1977 ,
507 1901 559 1964 καὶ
580 1905 679 1964 ταῦτα
701 1899 828 1982 μηδίπω
851 1905 923 1978 σοῦ,
950 1901 1093 1984 Καῖσαρ,
1119 1899 1201 1986 αὐτῷ
1223 1899 1280 1982 τὴν
1303 1899 1403 1982 ἀργήν
1412 1907 1444 1962 15

298 2001 535 2087 βεβαιώσαντος.
586 2003 638 2068 καί
657 2009 755 2068 ταῦτα
771 2003 905 2086 λε’γοντες
920 2000 1024 2086 ἠξίουν
1039 2005 1196 2085 βασιλείας
1212 2005 1264 2067 καί
1280 2005 1404 2068 τοιῶνδε
1510 2035 1511 2074 ;

261 2107 285 2161 Β
301 2107 405 2196 άρχών
420 2101 637 2190 ἀπηλλάχθω,
653 2101 834 2192 προσθήκην
851 2105 885 2170 δὲ
901 2106 1052 2190 γεγονίναι
1066 2108 1183 2193 Συρίας
1198 2107 1249 2170 καὶ
1265 2115 1330 2184 τοῖς
1344 2109 1410 2171 ἐκεῖ

300 2209 509 2294 στελλομίνοις
518 2205 677 2292 Ῥωμαίων
691 2219 872 2294 στρατηγοῖς
886 2205 1078 2274 ὑποκεῖσθαι.
1510 2205 1511 2214 ’

406 2313 447 2377 Oi
461 2313 518 2395 μὲν
534 2303 589 2378 οὖν
604 2319 701 2379 ταῦτα
717 2312 863 2398 ᾐτοῦντο,
898 2311 927 2376 oi
945 2313 978 2376 δὲ
993 2315 1059 2398 περὶ
1076 2309 1130 2378 τὸν
1147 2311 1310 2397 Ἀρχίλαον
1326 2311 1405 2376 ἀνιο-
1510 2317 1511 2368 l

300 2409 477 2501 λογοάμινοι
491 2414 564 2493 τοάς
577 2441 610 2482 τε
625 2421 779 2500 βασιλεῖς,
805 2415 857 2481 τὸν
874 2415 990 2501 πατίρα
1006 2416 1081 2502 λέγω
1099 2413 1220 2481 καὶτὸν
1237 2411 1319 2493 υἱόν,
1344 2419 1443 2489 sciolo
1510 2462 1511 2505 η

300 2516 496 2607 ίγκλημάτων
511 2520 656 2599 άπίλυον,
677 2522 729 2585 καί
741 2519 901 2597 Ἰουδαίοις
916 2516 1110 2586 ίπενεκάλουν
1126 2515 1249 2596 στάσεις
1263 2521 1314 2583 καί
1330 2544 1406 2584 νεω.

372 2714 391 2769 2
421 2706 669 2779 συνεστρατεύοντο
697 2712 731 2765 Α.
869 2710 886 2767 ί
915 2704 1030 2797 ήρώδοσ
1046 2739 1082 2753 -
1097 2708 1344 2783 παρωρμημένον
1369 2714 1406 2781 Α,
1510 2674 1511 2755 ί

371 2782 478 2853 Ηρώδη
496 2814 531 2825 --
546 2775 806 2851 παρανομηθέντων
827 2780 901 2849 PW,
934 2776 1054 2847 Ηρώδοο
1069 2784 1251 2851 παρανομιῶν
1265 2782 1407 2851 Iosephus.

371 2855 406 2907 ll
432 2846 606 2919 κρατήσαντα
629 2851 668 2919 Α,
694 2847 871 2919 κρατήσαντα
893 2850 966 2905 PW:
989 2850 1118 2921 Iosephus
1140 2850 1190 2906 τὸν
1213 2850 1258 2905 ἐπί
1279 2852 1407 2925 βασιλείᾳ

373 2914 515 2988 ἐσόμενον.
626 2922 662 2975 13
676 2916 715 2986 μή
733 2914 824 2990 ὥσπερ
842 2920 876 2976 Α.
986 2920 1020 2977 14
1036 2915 1149 2990 σφαγήν
1164 2930 1227 2993 post
1241 2916 1356 2990 τέμενος
1371 2922 1404 2975 Δ.

372 2989 407 3040 15
423 2984 476 3055 τήν
495 2982 586 3057 άρηήν
600 2985 678 3057 edroi
694 2990 728 3043 A.

304 3166 413 3223 qnorum
437 3150 598 3223 principibus
622 3152 730 3206 Romam
753 3155 854 3224 missis,
877 3156 992 3210 Herodis
1017 3156 1145 3212 duntaxat
1162 3160 1270 3229 cognati
1287 3161 1335 3231 qni
1352 3178 1406 3213 cam

304 3221 440 3277 seditiosis
455 3221 600 3275 militarunt
616 3239 633 3275 a
648 3221 766 3277 Caesare
783 3225 918 3295 suppliciis
934 3226 1025 3279 all‘ecti
1041 3236 1112 3281 aunt.

407 3292 475 3344 Post
493 3290 559 3345 haec
576 3292 732 3346 Indaeorum
747 3294 832 3365 legati
848 3294 955 3349 Romam
973 3304 1117 3365 venerant,
1142 3301 1171 3350 at
1186 3296 1286 3350 indicto
1303 3316 1320 3351 a
1340 3298 1409 3352 Cae·

303 3378 364 3416 sare
395 3360 521 3427 concilio,
550 3362 707 3415 Indaeorum
735 3365 842 3417 circiter
869 3372 929 3418 octo
954 3366 1056 3419 milibus
1080 3367 1127 3436 qui
1151 3364 1252 3419 Romae
1275 3367 1409 3437 degebant

305 3430 527 3501 suffragantibus,
552 3432 701 3486 libertatem
719 3434 894 3503 postularunt.
930 3436 963 3488 ad
981 3435 1129 3504 iniqnitatis
1144 3436 1315 3489 Herodianus
1332 3454 1410 3490 acen-

304 3501 434 3555 sationem
459 3503 580 3554 conversi
603 3520 661 3557 aum
682 3519 734 3555 non
756 3520 786 3557 re
821 3521 845 3556 m
869 3503 915 3559 sed
938 3512 1076 3573 tyrannum
1098 3507 1241 3559 vocabant.
1275 3524 1336 3559 nam
1352 3524 1410 3559 cnm

304 3570 413 3624 Iudaica
436 3587 501 3641 gens
522 3588 603 3641 saepe
624 3572 745 3642 graviter
761 3575 790 3625 af
809 3574 862 3625 iota
881 3580 968 3641 esset,
994 3575 1078 3628 nullas
1095 3582 1181 3628 tamen
1199 3592 1336 3629 aerumnas
1353 3592 1410 3629 cam

303 3639 341 3693 iis
364 3656 423 3693 esse
447 3642 620 3695 conserendas
643 3658 709 3711 qaas
733 3643 783 3695 sub
799 3644 845 3695 illo
861 3643 1029 3697 tolerassent.
1064 3660 1121 3699 cnm
1141 3652 1229 3698 antem
1245 3644 1409 3709 Archelaum,

305 3724 383 3777 qnem
400 3725 485 3762 rerum
501 3711 614 3781 potitam
630 3711 738 3764 Herode
754 3712 953 3765 moderatiorem
969 3714 1028 3765 lore
1043 3721 1196 3784 putassent,
1215 3715 1307 3784 capide
1320 3730 1410 3783 ragam

307 3778 497 3846 appellassent,
523 3796 582 3833 eam
604 3780 717 3835 veritum
735 3798 768 3833 ne
785 3800 838 3835 non
854 3798 992 3851 germanus
1009 3782 1123 3836 Herodis
1140 3784 1210 3837 lilios
1226 3783 1411 3835 haberetarsi
1510 3798 1511 3821 ί

306 3845 433 3900 mitiorem
455 3848 561 3902 ludaeis
578 3866 606 3902 sa
624 3852 781 3917 praeberet,
805 3852 885 3904 trium
901 3852 998 3905 milium
1016 3852 1130 3905 virorum
1148 3854 1252 3906 caedem
1268 3852 1297 3905 in
1313 3853 1412 3921 templo
1510 3858 1511 3863 ’

307 3916 436 3981 edidisse,
460 3918 541 3986 idque
565 3934 647 3987 regno
669 3936 686 3971 a
709 3920 826 3973 Caesare
842 3922 955 3973 nondam
975 3922 1135 3975 confimato.
1172 3922 1214 3975 his
1231 3922 1308 3975 dietis
1327 3922 1412 3991 petie-

307 3992 370 4039 runt
386 3989 417 4037 nt
432 4002 513 4053 ragno
531 3993 559 4038 et
574 3988 602 4040 id
619 4004 702 4056 genas
718 3988 835 4057 imperiis
853 3990 971 4055 liberati,
992 3998 1019 4043 et
1036 3990 1134 4059 Syriae
1151 3992 1289 4059 attributi,
1314 3990 1409 4045 Rama-

306 4070 397 4107 nornm
413 4056 580 4123 praetoribus
596 4074 627 4107 eo
645 4057 714 4110 mitti
728 4056 813 4110 solitis
829 4076 922 4128 parere
939 4060 1101 4113 iuberentur.
1510 4064 1511 4067 ’

409 4122 487 4186 Quae
505 4140 562 4176 eum
580 4124 671 4177 ludaei
686 4128 865 4195 postularent,
882 4126 1003 4181 Archelai
1019 4129 1127 4200 patroni
1143 4128 1297 4183 defensione
1311 4128 1407 4181 amins-

310 4205 362 4255 qne
379 4207 394 4241 r
429 4192 465 4258 's‚
489 4199 543 4246 tam
559 4192 642 4261 patris
659 4210 735 4263 qnam
753 4195 817 4264 lilii,
840 4206 978 4267 suscepta,
998 4208 1027 4252 et
1042 4198 1153 4253 obiectis
1171 4198 1322 4251 criminibus
1338 4197 1408 4248 νεῖσ-

309 4208 511 4323 αὼ,Ἡστοὴ
527 4262 671 4316 seditiones
687 4280 867 4337 novarumque
882 4284 968 4321 mrum
984 4268 1099 4323 studiana
1111 4268 1277 4326 summat
1310 4266 1410 4320 02⁸8
