3050 4900
270 277 368 330 xxm
547 257 556 282 ⁰
607 251 850 324 ulsltottrtss
873 251 1038 338 wolin

270 458 305 512 nt
318 463 368 510 res
380 443 450 532 ipsa
462 439 585 510 abunde
597 441 722 525 doceat,
739 444 911 508 humanum
921 444 1080 527 ingenium
1089 445 1129 509 ab
1140 443 1211 534 ipso
1224 442 1292 510 ortu
1302 465 1375 512 esse

271 549 491 637 deprevatum,
515 569 616 633 neque
640 549 768 612 manem
792 550 951 613 exstitisse
966 547 1107 612 divinam
1120 550 1373 630 exsecrationem,

269 675 343 718 cum
361 653 473 736 ubique
494 649 589 714 sudor
605 653 724 731 vultus,
745 652 861 736 ubique
873 652 977 714 tribuli
988 664 1020 714 et
1032 653 1157 738 spinae,
1178 649 1291 736 ubique
1305 673 1373 716 ser-

270 756 374 846 pentis
392 751 527 818 insidias
548 767 724 841 appareant.
778 755 898 818 boniet
910 754 1067 842 simplices
1079 754 1171 842 pauci
1183 765 1271 818 sunt:
1295 766 1328 818 et
1343 755 1373 818 si

270 861 324 946 qui
337 869 423 937 sunt,
441 859 467 922 ii
479 858 557 921 elias
570 878 625 944 per
635 854 877 944 imprudentiam
887 858 922 920 in
933 859 1052 922 lacinus
1063 869 1169 937 ruunt,
1191 858 1268 920 alias
1281 858 1372 922 netis

268 963 421 1048 exemplis
445 972 693 1048 corrumpuntur,
716 961 794 1024 alias
816 979 836 1022 a
856 962 996 1024 maximo
1017 961 1230 1048 improborum
1243 971 1275 1022 et
1287 961 1373 1024 calli·
1470 1020 1475 1027 .

268 1062 381 1128 dorum
401 1085 530 1128 numero
551 1065 775 1152 opprimuntur.
826 1074 858 1126 et
880 1083 1056 1151 quanquam
1068 1076 1195 1128 neumae
1208 1063 1374 1128 hominum

268 1165 336 1238 duo,
345 1167 477 1248 insignia
491 1187 636 1247 munera,
651 1168 779 1231 facultas
790 1167 921 1232 rationis
933 1179 966 1231 et
976 1168 1126 1232 orationis
1139 1164 1288 1230 divinitus
1301 1177 1374 1228 sunt

269 1290 435 1351 concessa,
457 1272 567 1356 quibus
582 1269 623 1334 ed
637 1267 909 1357 contemplandum
922 1283 954 1336 st
966 1269 1182 1335 celebrandum
1194 1269 1286 1332 buius
1299 1257 1373 1332 uni-
1429 1312 1437 1319 -

269 1374 425 1440 versitatis
439 1374 597 1462 opificem,
624 1385 657 1436 et
668 1372 709 1437 ed
723 1371 870 1438 tuendam
882 1395 919 1438 ac
931 1374 1101 1442 iuvandam
1113 1375 1278 1439 bominum
1290 1373 1375 1436 inter

267 1477 357 1564 ipsos
376 1478 629 1540 communitatem
648 1474 798 1540 utendum
811 1489 892 1558 erat,
914 1479 950 1542 in
962 1481 1081 1541 nullum
1093 1481 1158 1540 fere
1171 1477 1268 1540 alium
1279 1495 1372 1538 usum

264 1600 285 1642 a
306 1581 460 1666 plerisque
483 1600 521 1643 ea
542 1581 680 1646 converri
699 1578 859 1660 videmus,
878 1581 942 1644 nisi
955 1580 998 1644 ad
1011 1579 1187 1668 expeditius
1201 1578 1371 1643 fallendum

264 1693 296 1745 ct
312 1680 504 1763 nocendum,
527 1695 558 1746 et
577 1682 755 1749 vastitatem
776 1682 983 1748 efficiendam.
1033 1705 1074 1747 en
1092 1706 1157 1748 non
1172 1685 1218 1746 ita
1233 1684 1371 1769 plerum-

263 1807 330 1871 que,
351 1787 482 1866 vivibrr,
513 1796 548 1849 ut
573 1785 835 1871 quemadmodum
861 1788 1004 1852 ferasin
1027 1786 1194 1851 solitudine
1218 1797 1249 1848 et
1270 1785 1369 1864 silvis,

251 1871 365 1976 ‘pisces
385 1888 420 1950 in
440 1889 620 1952 fluminibus
641 1901 673 1952 et
692 1890 787 1969 mari,
813 1890 955 1954 volucres
974 1890 1009 1954 in
1026 1891 1192 1953 immensis
1208 1889 1270 1951 illis
1287 1886 1370 1950 alitis

266 1991 394 2076 spatiis,
408 2012 520 2072 magna
534 2013 575 2056 ex
586 2002 672 2079 parts
686 1991 775 2078 quasi
784 2003 913 2056 naturas
925 1990 1060 2078 quadam
1072 1993 1140 2072 lege
1151 1991 1369 2056 imbecilliores

265 2093 443 2178 opprimunt
466 2105 498 2156 et
519 2093 686 2176 devorent,
707 2096 751 2158 ita
773 2096 869 2159 etiam
881 2096 916 2158 in
928 2107 1036 2160 nostm
1050 2116 1163 2176 genere
1177 2091 1370 2158 callidissimi

265 2205 298 2256 et
323 2194 534 2279 potentissimi
560 2198 673 2281 quique
697 2200 939 2263 imbecillitatem
962 2211 995 2264 st
1016 2198 1245 2285 simplicitatem
1266 2207 1370 2258 caete-

263 2317 369 2360 rorum
391 2295 534 2360 insuam
556 2295 704 2382 praedam
726 2314 867 2380 vertunt,
891 2300 1056 2388 aliquando
1071 2302 1248 2366 etiamsine
1261 2302 1370 2378 fructu,

264 2395 339 2485 quid
360 2400 458 2462 fructu
481 2397 575 2461 dicul
585 2400 698 2463 'timmo
719 2401 814 2464 etiam
826 2422 897 2463 cum
907 2405 1041 2488 periculo
1055 2416 1087 2467 et
1098 2401 1298 2471 incommodo
1311 2422 1369 2466 suo

263 2503 334 2579 aliis
352 2514 479 2581 nocent;
503 2501 599 2587 idque
612 2524 682 2565 cum
695 2503 826 2582 faciunt,
849 2504 938 2588 quasi
951 2523 985 2566 re
999 2506 1178 2585 benegesto
1192 2504 1371 2584 gloriantur.

263 2605 381 2669 interea
404 2606 543 2687 theologi
563 2604 602 2669 de
622 2606 705 2669 iusto
727 2604 779 2669 dei
797 2603 929 2686 iudicio,
951 2605 991 2670 de
1007 2606 1154 2694 praemiis
1169 2607 1306 2693 piorum,
1329 2603 1370 2668 de

265 2708 423 2796 suppliciis
436 2710 648 2795 improborum
662 2710 895 2789 concionantur3
913 2731 983 2773 curn
996 2708 1059 2795 ipsi
1072 2730 1159 2787 sese,
1177 2710 1265 2793 quasi
1279 2710 1369 2773 terri-

262 2832 362 2893 genae
384 2814 429 2877 illi
450 2816 572 2893 iratres,
607 2814 703 2877 acutis
725 2815 925 2877 exacerbatus
943 2814 1066 2894 linguae
1086 2813 1271 2899 pugionibus
1293 2834 1369 2875 con·

263 2913 399 2992 fodient,
424 2914 618 3001 eundemque
639 2919 784 2980 morbum
804 2917 836 2979 in
857 2916 970 2980 animia
991 2913 1168 2979 auditorum
1188 2925 1367 3003 propagent,

263 3027 298 3079 ut
317 3013 401 3085 haud
420 3018 532 3081 iniuria
551 3001 685 3082 dubitari
704 3030 795 3103 queat
815 3040 856 3081 an
932 3018 989 3084 sad
1007 3015 1243 3105 temperandum
1254 3029 1302 3081 est
1315 3038 1369 3079 ca-

261 3119 364 3200 lamo,
389 3140 430 3181 ne
449 3121 517 3207 ipse
535 3120 570 3183 in
589 3120 675 3184 idem
689 3123 800 3185 vitium
813 3122 959 3186 incidam.
1008 3122 1189 3209 philosophi
1203 3120 1242 3185 de
1255 3122 1367 3185 officiis

261 3221 470 3311 praecipiunt,
491 3234 522 3285 et
543 3224 605 3309 ipsi
627 3226 666 3289 ab
688 3226 792 3289 olficio
813 3246 907 3312 saepe
927 3223 1095 3289 decedunt:
1120 3246 1220 3311 neque
1234 3227 1299 3288 fers
1313 3245 1369 3286 us-

263 3346 358 3411 quam
377 3327 445 3413 plus
467 3337 516 3389 est
535 3326 667 3391 iniurias
686 3349 779 3412 quam
800 3330 853 3391 ubi
874 3330 950 3392 iuris
968 3330 1151 3416 plurimum,
1176 3349 1278 3415 neque
1296 3329 1367 3415 plus

261 3432 443 3493 morborum
463 3450 556 3514 qnam
574 3432 608 3493 in
628 3433 717 3518 copia
735 3429 960 3513 remediorum,
985 3452 1139 3517 nusquam
1152 3434 1220 3519 plus
1233 3451 1367 3519 pauper-

262 3534 337 3595 tatis
361 3552 454 3617 quam
473 3534 507 3595 in
532 3536 662 3598 summis
685 3536 812 3621 opibus,
833 3556 986 3621 nusquam
999 3538 1068 3623 plus
1083 3535 1258 3600 dementiae
1272 3552 1366 3617 quam
1431 3613 1439 3628 .

263 3636 298 3698 in
312 3656 434 3699 summe
447 3637 618 3722 sapientiae
630 3614 842 3725 persuasione.
892 3660 972 3725 quae
986 3639 1113 3725 quidem
1125 3636 1277 3724 sapientia
1291 3657 1365 3699 con-

176 3784 177 3789 η
264 3735 436 3803 suetudinis
458 3740 664 3819 inveteratae,
693 3755 895 3828 acceptaeque
914 3764 933 3804 a
951 3744 1120 3805 maioribus
1134 3738 1307 3826 opinionis,
1334 3750 1365 3801 et

263 3843 453 3905 auctoritatis
480 3836 932 3933 magistrorumlundamentis
959 3841 1043 3907 baud
1067 3843 1132 3906 scio
1156 3863 1249 3927 quam
1266 3842 1364 3905 ffimis

262 3942 412 4008 innititur.
463 3945 534 4009 hinc
557 3946 678 4010 infinita
698 3948 750 4009 illa
773 3945 904 4011 dissidia
923 3946 1125 4027 religionum,
1147 3943 1363 4024 docrinarum,

262 4066 402 4127 morum,
426 4048 654 4129 institutorum,
674 4061 706 4112 et
728 4064 853 4137 propter
872 4049 1055 4136 opinionum
1074 4049 1141 4130 (rei
1162 4050 1362 4132 levissimae)

263 4147 475 4213 diversitatem
490 4155 634 4239 capitales
649 4154 844 4231 inimicitiae,
863 4149 1032 4217 seditiones
1047 4153 1252 4241 perniciosas,
1266 4152 1364 4213 bella-

264 4270 323 4339 que
348 4254 549 4319 atrocissima.
599 4258 679 4323 inter
700 4257 776 4322 baec
790 4257 845 4321 alii
857 4257 1007 4339 fremunt,
1032 4257 1085 4321 elii
1099 4246 1242 4340 gemunt,
1267 4253 1363 4340 aliqui
