3050 4900
584 304 828 373 Pssssfflo.
1142 331 1263 380 mvn

152 513 332 559 amonem
352 511 408 557 suo
428 489 565 580 quodem
581 492 674 576 genio
688 513 784 582 seepe
796 515 860 562 non
873 493 1038 560 infeliciter
1048 497 1261 565 lascivientem

151 593 303 679 deceant,
326 596 444 661 Latinis
465 598 591 662 auribus
611 599 709 662 multo
729 598 955 680 severioribus,
979 599 1044 664 uisi
1056 601 1189 666 multum
1201 625 1259 686 ego

149 701 261 781 fallor,
286 703 488 788 permolestae
508 703 627 765 futures
648 713 744 766 erent.
795 725 894 790 euque
914 701 955 767 de
975 723 1085 784 ceum,
1110 705 1166 769 ulsi
1185 707 1259 772 citrs

149 805 323 868 sententiae
340 802 561 870 detrimentum
575 805 642 870 lieri
656 807 773 893 potnit,
798 829 817 870 e
830 828 884 872 me
897 807 1009 870 alicubi
1021 809 1259 895 praetermissae

148 919 233 975 eunt.
282 905 377 994 idque
392 929 462 972 cum
475 922 617 974 nontam
631 928 701 974 mee
715 922 841 996 sponte,
868 931 961 999 quem
974 911 1095 976 monitu
1109 909 1255 978 doctissi-

148 1031 271 1075 morum
279 1013 434 1091 virorum,
447 1011 599 1078 loachimi
608 1011 777 1078 Camerarii
785 1027 817 1080 et
825 1015 979 1080 Ludorici
985 1011 1104 1094 Cndni,
1117 1018 1255 1099 fecerim,

146 1135 198 1178 me
212 1116 305 1178 facile
319 1116 396 1180 viris
411 1115 507 1182 doctis
520 1121 719 1205 probaturum
733 1117 868 1186 conlido.
916 1118 1132 1206 imperitorum
1150 1132 1255 1186 eutem

145 1228 175 1281 et
188 1219 432 1284 obtrectatorum
445 1219 575 1301 iudicia,
596 1241 676 1308 quse
690 1224 742 1286 vel
753 1225 835 1287 nulle
850 1224 902 1288 rel
915 1243 1061 1310 perversa
1075 1235 1161 1304 sunt,
1179 1247 1255 1288 con·

144 1333 269 1404 temno,
291 1343 395 1408 neque
414 1325 494 1389 lacio
513 1325 608 1412 pluris
623 1346 718 1412 quem
731 1346 870 1391 morsum
881 1327 991 1413 pulicis
1005 1317 1187 1414 elephantus
1200 1326 1255 1391 ln-

143 1423 242 1491 dicus.
295 1427 404 1492 Febris
418 1429 503 1492 enim
515 1430 634 1492 fabrilis
648 1429 804 1493 tractando
817 1441 904 1509 sunt,
917 1450 1018 1516 neque
1031 1441 1147 1495 temere
1159 1433 1254 1496 falces

142 1531 173 1592 in
200 1531 342 1594 elienem
370 1553 507 1597 messem
528 1532 754 1598 immittendae.
805 1555 951 1599 concesse
973 1535 1118 1598 omnibus
1141 1548 1189 1599 est
1213 1536 1253 1598 eb

139 1631 263 1698 invidia
287 1645 319 1698 et
338 1636 494 1724 imperitia
515 1635 554 1700 ed
574 1639 762 1724 aequitatem
782 1649 814 1700 et
833 1637 1039 1702 eruditionem
1059 1639 1253 1726 provocetio.

137 1734 226 1800 idem
250 1738 330 1802 milri
351 1739 418 1818 ius,
444 1742 497 1804 ubi
514 1743 565 1806 vel
580 1741 690 1806 decere
704 1743 755 1805 vel
768 1743 977 1807 neceesarium
992 1763 1063 1805 esee
1076 1743 1180 1807 risum
1194 1753 1252 1820 est,

136 1852 168 1903 et
188 1842 224 1904 in
247 1839 441 1923 dialogismis
456 1843 496 1907 ad
510 1857 690 1933 perpetuam
702 1846 878 1910 orationem
890 1843 1069 1927 redigendis
1082 1843 1167 1906 haud
1182 1863 1253 1906 reso

135 1945 289 2030 permisi,
315 1967 355 2008 ne
375 1949 498 2036 proprie
521 1951 648 2013 uomina
663 1961 694 2012 et
707 1948 895 2036 pronomine
909 1943 1066 2032 quaedem
1080 1956 1111 2006 et
1124 1945 1253 2008 verbum

134 2053 243 2131 inquit
264 2059 297 2112 et
319 2051 379 2112 elie
400 2051 583 2117 huiusmodi
600 2053 638 2116 ed
658 2050 821 2116 fastidium
834 2070 933 2132 usque
946 2043 1124 2109 inculcende
1137 2060 1251 2112 essent.

76 2223 80 2234 ι
133 2153 208 2235 quis
231 2153 318 2215 enim
336 2175 400 2219 non
419 2155 508 2218 malit
522 2177 594 2218 eum
607 2155 796 2217 Aristoxeno
810 2149 912 2214 redire
924 2149 957 2214 in
969 2149 1129 2230 latomias,
1155 2173 1249 2236 quem

130 2253 277 2317 eandem
291 2257 388 2318 cuculi
401 2257 587 2318 cantilenam
601 2251 708 2316 audire
722 2253 837 2316 toties‘l
878 2264 910 2315 ut
921 2252 1006 2316 enim
1018 2251 1129 2318 Gracci
1141 2256 1193 2318 rel
1206 2257 1247 2320 ol)

133 2359 319 2441 complures
332 2357 445 2421 breves
460 2367 492 2421 et
505 2355 684 2422 commodes
696 2354 922 2419 connexionum
934 2357 1114 2443 particulas,
1139 2360 1191 2423 vel
1205 2360 1246 2423 ob

130 2459 390 2547 participiorum,
416 2481 493 2545 quae
514 2460 670 2547 praeteriti
690 2459 837 2547 temporis
849 2460 1109 2542 significationem
1119 2462 1246 2544 hebent,

131 2559 385 2642 multitudinem,
406 2564 472 2628 sive
486 2564 579 2627 etiam
594 2564 664 2627 eliis
676 2561 715 2627 de
730 2564 848 2643 causis,
866 2585 943 2650 ques
954 2566 1006 2629 hic
1017 2566 1162 2653 persequi
1175 2568 1246 2631 lon-

132 2687 210 2747 gum
233 2666 341 2745 fuerit,
368 2684 385 2727 e
407 2669 585 2749 tautologiis
609 2678 641 2731 et
659 2667 875 2755 perissologiie
888 2668 992 2732 minus
1006 2669 1187 2746 abhorrent,
1213 2680 1245 2731 et

133 2768 242 2833 omnin
257 2769 405 2835 minutius
420 2780 451 2835 et
463 2772 615 2836 curiosius
630 2783 869 2858 persequuntur,
893 2770 939 2833 sic
953 2772 1006 2855 qui
1019 2768 1101 2856 apud
1116 2769 1245 2834 Latinos

134 2872 252 2937 imitari
266 2872 378 2937 eedem
391 2876 538 2955 voluerit,
567 2894 626 2937 nee
640 2874 668 2936 is
683 2872 717 2937 in
729 2870 919 2935 horrendem
933 2883 965 2933 et
976 2871 1116 2957 ineptam
1129 2870 1245 2935 incidet

133 2977 376 3063 loquacitateml
427 2980 480 3063 qui
499 2979 593 3059 igitur
611 2978 813 3064 interpretem
832 2970 1012 3037 huiusmodi
1026 2976 1161 3041 salebras
1174 2975 1243 3040 eine

136 3080 195 3145 ullo
221 3081 395 3145 sententiae
418 3080 604 3147 detrimento
628 3080 779 3145 vitantem
792 3081 845 3145 vel
856 3078 1062 3160 negligentiae
1075 3081 1127 3145 vel
1140 3083 1242 3144 meles

134 3180 206 3249 fidei
221 3196 382 3264 accusant,
397 3206 485 3249 suem
498 3189 550 3250 rel
562 3186 718 3249 inscitiam
730 3196 762 3248 et
771 3180 879 3247 iudicii
887 3182 1027 3271 inopium
1037 3186 1087 3249 vel
1095 3187 1240 3249 morbum

136 3288 232 3351 animi
247 3300 278 3353 et
292 3290 376 3351 nulla
391 3287 430 3353 de
444 3310 537 3354 csuee
550 3286 758 3353 maledicendi
770 3285 933 3351 libidinem
947 3285 1089 3374 produnt.
1140 3309 1241 3372 neque

135 3400 240 3455 temen
259 3391 375 3456 indulsi
394 3394 472 3457 mihi
492 3394 634 3457 nimium.
686 3412 761 3455 nem
781 3388 865 3477 quod
884 3390 972 3455 Plato
992 3392 1052 3471 ait,
1078 3390 1110 3456 ei
1132 3390 1184 3474 qui
1204 3391 1239 3452 in

133 3490 319 3581 disputando
342 3495 527 3583 respondeat
548 3497 766 3579 interrogantis
783 3494 916 3575 vestigia
932 3490 1144 3581 persequenda
1158 3512 1238 3573 esse,

132 3596 164 3659 id
175 3601 277 3664 multo
291 3600 391 3681 megie
402 3598 577 3665 iaciendum
587 3621 658 3666 esse
667 3600 789 3663 eliense
797 3597 919 3678 liuguae
927 3596 1085 3684 interpreti
1093 3594 1238 3674 cogitavi.

133 3700 214 3787 quod
230 3703 301 3767 siis
315 3703 459 3793 scriptor,
483 3723 575 3790 quem
589 3700 808 3789 explicandum
818 3704 1005 3789 susceperis,
1022 3708 1105 3761 recto
1116 3698 1237 3763 itineris

132 3804 315 3891 praecessit,
339 3807 400 3871 lroc
422 3818 470 3873 est
489 3808 517 3871 si
537 3826 639 3871 rerum
657 3806 828 3871 bonitatem
842 3827 911 3869 eum
926 3802 1078 3882 elegantia
1091 3801 1236 3867 dictionis

132 3910 309 3991 coniunxit,
332 3910 481 4001 interpres
503 3924 535 3976 et
554 3912 657 3975 minue
677 3910 793 3975 laboris
813 3921 845 3972 et
863 3912 932 3998 plus
946 3902 1047 3968 laudis
1060 3906 1158 3994 cepit:
1184 3906 1233 3969 sin

132 4012 211 4078 illius
230 4014 390 4079 salebrosa
402 4028 450 4081 eet
463 4017 580 4097 oratio,
602 4026 633 4079 et
646 4038 696 4080 res
708 4013 792 4077 heud
806 4014 912 4094 magni
925 4011 1076 4073 momenti
1089 4009 1235 4089 continet,

132 4118 250 4183 eliense
269 4119 377 4206 culpae
397 4118 470 4184 dere
489 4140 609 4210 poenae
629 4120 725 4183 etism
743 4120 896 4205 interpres
910 4114 1036 4194 cogitur.
1086 4136 1174 4193 nam,
1200 4124 1236 4175 ut

132 4218 299 4309 Sophocles
323 4224 386 4287 elio
410 4246 503 4289 sensu
528 4226 678 4304 affirmet,
713 4223 866 4285 malarum
890 4239 992 4281 return
1015 4220 1138 4306 pulchra
1162 4236 1234 4279 esse

131 4328 386 4393 commemoratio
400 4350 463 4393 uon
477 4338 597 4415 potest,
622 4338 654 4391 et
672 4324 815 4389 ordinem
830 4343 865 4386 ec
878 4319 1116 4411 dispositionem
1129 4336 1235 4383 esrum
