3050 4900
287 309 311 356 x
737 279 955 351 DUCANGII‘

284 493 395 562 parum
417 469 603 536 conveniant
621 465 661 536 de
677 469 827 552 religione
846 467 1121 559 disputationibus,
1142 466 1303 538 damlidai
1313 493 1386 556 my-

285 579 380 642 sten'n
394 585 553 662 exponunt
564 575 617 638 vel
627 575 773 640 lacerares
783 576 941 640 conlutme
950 572 1181 655 aggrediuntur,
1198 579 1387 657 argumentis

284 701 308 744 e
324 700 409 745 sacra
428 679 577 765 scriptura
594 681 646 742 vel
660 699 679 742 e
693 680 807 744 sanam
819 680 958 766 patribus
969 678 1085 766 petitis.
1135 677 1245 762 quibus
1257 679 1385 766 quidem

284 805 326 848 cx
340 782 534 862 chronologis
546 781 663 868 aliquot
674 783 877 863 suggillabant
890 782 942 867 qui
954 801 991 844 ea
1004 792 1186 867 tempestate
1197 782 1232 847 in
1243 785 1384 858 omniunt

283 887 427 950 manibus
450 890 666 964 versabantur,
698 887 956 953 auctoremlortn
978 882 1122 950 Chronici
1143 883 1226 969 quod
1247 888 1384 951 alexae

284 985 408 1052 cirinum
421 1000 549 1067 vocant,
576 986 743 1070 Georgium
757 987 950 1071 Synccllum,
976 985 1146 1068 Georgium
1158 987 1396 1070 Hemnatolurn„

283 1091 453 1174 Georgium
473 1089 662 1172 cedrenum,
688 1093 827 1178 aliosque
841 1111 971 1177 quonum
982 1093 1095 1179 scripta
1106 1090 1262 1157 sinendi
1275 1112 1392 1181 serpen·

281 1197 427 1263 vacaneia
441 1195 619 1259 excursibus
632 1197 751 1282 passim
765 1202 891 1260 scatent.

255 1323 262 1335 ·
383 1298 503 1363 Verum
524 1300 649 1362 moreni
663 1297 739 1364 duas
751 1321 803 1364 res
815 1303 994 1380 languorem
1007 1298 1116 1360 attam
1129 1297 1258 1376 amnem,
1282 1296 1382 1364 otium

281 1411 314 1464 et
337 1399 553 1482 solitudinem,
583 1400 666 1489 quod
690 1404 793 1466 aiebat
814 1401 951 1482 Tullius,
980 1421 1162 1490 perronem
1179 1403 1322 1480 baberet,
1350 1413 1382 1466 et

280 1502 362 1591 apud
376 1503 584 1586 Chrisdanos,
603 1527 638 1569 ac
650 1508 820 1572 monachos
833 1506 865 1569 in
878 1507 1002 1594 primis,
1021 1522 1133 1592 pravas
1145 1505 1215 1568 ibas
1228 1525 1283 1570 seu
1295 1505 1382 1586 cogi-

279 1607 414 1672 tationes
429 1603 613 1694 (λογισμούς
626 1611 749 1676 mentiri
761 1611 895 1692 vocant)
909 1631 965 1674 asu
978 1607 1174 1695 cupiditates,
1197 1627 1277 1694 quae
1289 1628 1382 1672 men·

278 1720 344 1774 tem
358 1731 376 1774 a
391 1714 524 1793 negotiis
537 1733 670 1778 vacuum
679 1712 830 1780 invadere
842 1715 943 1776 solent
953 1726 985 1777 et
996 1713 1028 1776 in
1042 1723 1165 1798 peccata
1178 1713 1245 1774 lere
1257 1731 1382 1797 semper

278 1810 475 1896 demergunt,
500 1836 632 1880 avocare
644 1819 768 1880 unicam
781 1837 874 1904 posse
889 1815 1138 1903 usurpationem,
1164 1833 1255 1895 segre
1274 1825 1380 1877 umen

203 1916 212 1934 ¹
276 1918 372 1979 cessit
390 1920 561 1982 amicorum
579 1920 767 1999 hortatibus,
793 1941 864 1984 cum
877 1941 945 1984 tem
957 1940 1027 1984 esse
1041 1929 1178 2020 cprnerrt
1190 1936 1270 2003 quae
1282 1918 1381 1980 libro·

277 2039 363 2097 mm,
388 2022 498 2104 quibus
520 2024 658 2104 carebat,
686 2025 808 2110 copiam
827 2024 1005 2109 postularet.
1055 2032 1087 2084 at
1106 2022 1249 2085 vellicare
1269 2021 1294 2082 ii
1313 2041 1378 2082 nou

276 2120 362 2206 prius
385 2118 567 2186 destiterunt
586 2147 679 2212 quam
692 2127 886 2213 improbitate
900 2122 1081 2189 stimulandi
1095 2121 1133 2185 ad
1148 2121 1379 2208 suscipiendum

276 2241 356 2308 opus
374 2221 581 2308 impulissent.
631 2229 732 2292 victus
746 2231 837 2307 igitur
848 2229 1047 2291 familiarium
1058 2227 1319 2308 flagitationibus,
1344 2236 1381 2286 et

265 2344 369 2410 ¹supra
389 2325 488 2388 allatis
506 2322 656 2388 adductus
673 2327 860 2406 rationibus,
885 2330 926 2391 ad
943 2333 1076 2393 Annales
1091 2326 1328 2392 conscribendos
1342 2347 1379 2390 se

275 2427 426 2509 accinxit,
452 2450 522 2493 cuam
540 2429 573 2492 in
593 2427 652 2493 boc
673 2450 796 2493 secessu
813 2450 924 2509 agens,
949 2432 1004 2493 ubi
1014 2431 1056 2495 ad
1067 2429 1261 2497 condendam
1275 2430 1377 2495 hieto-

274 2532 356 2594 riam
379 2532 547 2597 necessarii
568 2532 638 2597 libri
658 2553 723 2597 non
745 2544 958 2619 suppeterent,
985 2533 1013 2596 si
1034 2556 1098 2599 non
1119 2532 1224 2597 omnia
1245 2530 1377 2595 dicenda

274 2636 542 2722 complecteretur,
555 2638 681 2701 veniam
693 2657 712 2700 a
726 2636 857 2718 benigno
870 2638 981 2701 lectore
994 2656 1029 2699 se
1041 2638 1273 2721 impetratumm
1285 2635 1376 2699 lacile

273 2738 336 2801 sibi
356 2738 564 2825 persuaderet.
615 2740 648 2803 in
669 2760 728 2825 qua
743 2741 938 2825 caeteroquin
951 2737 1172 2802 conson'benda
1185 2740 1229 2801 ita
1242 2750 1291 2801 est
1301 2760 1376 2803 ver-

273 2851 376 2919 satus,
401 2854 435 2905 ut
456 2844 619 2929 praecipua
642 2853 674 2905 et
695 2861 773 2928 quae
796 2842 923 2904 alicuius
942 2840 1119 2905 viderentur
1138 2842 1291 2906 momenti
1310 2864 1375 2906 non

273 2942 430 3023 omiserit,
450 2940 571 3029 “eaque
585 2946 617 3007 in
632 2944 788 3031 epitomen
804 2945 938 3027 coegerit
952 2954 1035 3007 tanta
1050 2947 1219 3025 elegantia,
1241 2946 1327 3009 solus
1340 2956 1376 3008 ut

272 3043 417 3111 videatur
435 3060 594 3137 ¹asscecutus
616 3045 699 3133 quod
717 3058 822 3113 contra
836 3069 938 3111 rerum
950 3060 1092 3111 neutram
1104 3059 1169 3127 est,
1191 3047 1326 3111 brevitas
1340 3059 1375 3111 ut

271 3150 401 3213 obscura
416 3172 480 3213 non
494 3148 618 3229 esset;’'
645 3150 728 3237 quod
744 3149 784 3213 da
797 3152 908 3216 Pontio
921 3151 1064 3232 Paulino,
1089 3152 1143 3236 qui
1157 3163 1219 3215 tres
1231 3150 1375 3214 Suetonii

272 3252 370 3315 libros
382 3248 422 3316 de
435 3252 572 3334 Regibus
584 3254 619 3317 in
631 3251 850 3341 compendium
861 3253 1037 3336 redegerat,
1065 3253 1146 3317 dixit
1158 3252 1312 3319 Ausonius
1326 3243 1374 3337 ¹).

271 3352 398 3441 quidam
422 3357 505 3419 enim
527 3368 612 3437 sunt,
639 3368 673 3422 ut
686 3358 789 3421 aiebat
801 3360 899 3423 Foras
914 3356 1155 3439 Grammaticus,
1176 3358 1229 3443 qui
1243 3359 1304 3421 late
1317 3378 1372 3419 oo-

270 3458 421 3544 piosequo
443 3458 642 3545 scripserunt,
663 3462 707 3525 ita
728 3473 764 3524 ut
783 3462 937 3548 superflua
949 3459 1104 3525 interdum
1117 3462 1253 3524 ubertate
1267 3478 1373 3520 name

271 3559 367 3624 tionis
388 3563 539 3625 memoria
560 3564 727 3643 legentium
746 3563 967 3629 contendatur:
992 3566 1046 3628 alii
1059 3563 1135 3627 dum
1148 3560 1290 3627 brevitati
1302 3570 1372 3622 stu-

272 3656 363 3741 dent,
386 3662 555 3727 admodum
576 3664 722 3731 dillusnm
741 3680 897 3733 coartatae
917 3670 1094 3744 materiam,
1114 3676 1149 3726 ut
1166 3662 1263 3727 sterili
1282 3684 1370 3726 com-

270 3760 385 3851 pendio
400 3767 479 3829 nilril
491 3766 531 3831 sd
547 3768 697 3849 integram
711 3773 872 3833 scientiam
885 3770 1048 3834 lectoribus
1061 3768 1229 3832 conterant.
1266 3786 1369 3851 neque

270 3877 376 3931 temen
389 3870 449 3932 sibi
462 3870 522 3957 ipsi
534 3871 682 3935 satisfecit
694 3873 838 3951 omnino,
860 3894 931 3935 cnm
942 3871 1052 3957 quibus
1065 3867 1104 3931 ad
1120 3869 1222 3956 operis
1236 3866 1319 3957 quod
1332 3870 1368 3933 in

269 3989 381 4034 manus
403 3984 575 4061 sumpserat
592 3974 819 4039 absolutionem
833 3995 958 4037 necesse
969 3984 1036 4037 erat
1048 3970 1205 4037 codicibus
1217 3993 1367 4061 persaepe

269 4084 399 4156 ureret,
429 4097 508 4161 quos
528 4096 600 4141 cum
617 4078 741 4167 suemus
762 4077 951 4166 quaesisset,
977 4078 1112 4168 reperire
1130 4099 1194 4145 non
1210 4086 1365 4167 potuerat,

337 4305 376 4377 1)
407 4300 495 4375 aptat
512 4302 539 4365 7.
556 4304 633 4379 [ta]
