3050 4900
520 316 734 385 ANNfflUnl
758 319 810 387 111
831 322 864 387 ο.
1168 311 1244 401 m

142 499 225 565 λείαν
241 497 429 587 καθηρηκολς
444 499 479 565 τδ
496 498 572 591 ipius
588 502 670 571 δπαν
684 506 774 593 μέχρι
788 516 847 575 τού
857 507 1079 594 Ἑλλησπόντου
1089 510 1243 595 ύπέτοξεν.

142 598 159 667 ό
179 603 213 667 δὲ
229 599 338 667 τούτου
355 601 420 679 υίδς
436 602 610 690 Καμβύσης
624 598 676 673 καλ
692 611 746 693 τήν
758 610 918 697 Αἴγυπτον
934 618 985 680 καλ
1000 616 1057 699 τήν
1071 620 1242 685 Λίθιοπίαν

142 702 228 787 ἴσχεν
242 700 303 791 ὑφ’
322 702 446 770 ἑαυτόν·
474 706 568 773 νότιοι
586 710 616 773 δ’
636 712 668 777 αἱ
682 720 783 799 χώραι
800 707 890 781 αδται
908 720 975 782 είσί.
1023 720 1157 807 Δαρεῖος
1173 720 1241 789 δίδ

137 802 314 873 Ὑστάσπου
338 810 387 873 καί
411 807 483 887 τούς
506 810 642 895 νομάδας
666 815 847 901 ἐχειρώσατο
871 817 1015 897 Σκύθας·
1041 813 1125 888 οὗτοι
1142 824 1174 887 ‹i'
1194 830 1280 891 01·ss

115 916 228 975 διιοόσι
250 911 286 976 τδ
308 914 400 993 κλίμα
419 911 454 977 τδ
472 911 604 999 βόρειον.
653 915 670 982 ὃ
688 920 724 983 δέ
737 944 771 1004 γε
787 918 906 1007 Ξίρξης
921 918 939 987 δ
956 928 1012 987 τοῦ
1026 925 1161 1012 Δαρείου
1178 928 1241 1012 ώρ-

137 1038 219 1096 μησε
241 1014 296 1095 μὲν
319 1014 399 1078 κατὰ
422 1020 476 1099 τῆς
498 1016 664 1105 Εὐρώπης,
686 1028 836 1107 κρατῆσαι
853 1028 903 1088 καί
918 1022 1031 1109 ταύτης
1045 1026 1239 1115 πειρώμενος,

138 1113 335 1201 ἀπεκρούσθη
362 1118 398 1181 δέ
420 1143 453 1202 γε
477 1124 631 1213 ναυμαχία
654 1122 731 1209 πρὸς
749 1124 922 1210 Ἀθηναίων
935 1125 1079 1212 ἡττηθείς
1094 1134 1145 1195 καί
1162 1132 1239 1198 ἀνα-

137 1216 242 1297 ζεύξας
257 1221 514 1305 κατηυχυμμίνος.
563 1224 599 1290 τδ
616 1224 649 1289 δ’
667 1229 700 1291 ἐν
713 1228 800 1313 μίρει
812 1236 918 1314 στῆναι
931 1232 966 1296 τδ
977 1236 1103 1319 θηρίον,
1120 1259 1239 1317 σημαν-

138 1321 220 1387 ταιδν
243 1328 298 1388 τού
319 1323 365 1406 μὴ
388 1319 485 1407 πάντη
509 1332 563 1409 τῆς
586 1327 681 1415 ἀρχῆς
697 1331 846 1411 ἐκπεσεῖν,
871 1333 960 1422 όλίμρ
978 1336 1012 1400 ti
1025 1339 1111 1423 μέρει
1125 1335 1239 1419 ταύτης

95 1436 131 1491 10
138 1430 369 1512 περιγραφῆναι.
421 1426 520 1511 πόσης
542 1429 600 1515 γάρ
623 1438 679 1514 τῆς
697 1431 800 1511 Ἀσίας
815 1432 920 1522 πρώην
935 1446 1090 1522 κρατοῦσα
1105 1436 1125 1523 ή
1142 1448 1237 1521 βασι-

137 1528 204 1591 λεία
226 1528 338 1611 ίκείνη,
364 1534 415 1595 καλ
436 1528 603 1598 Αἰθιόπων
625 1535 676 1598 καί
699 1539 878 1621 Αἰγυπτίων
900 1542 1110 1625 Παλαιστίνης
1130 1568 1164 1607 τε
1184 1546 1235 1609 καί
1252 1554 1290 1609 W
1305 1556 1321 1610 1
1335 1558 1372 1615 90

140 1630 281 1714 Φοινίκης
313 1634 364 1697 καὶ
397 1640 453 1717 τῆς
484 1631 611 1719 Λιβύης
645 1637 755 1721 αὐτῆς,
788 1640 904 1719 ὶξίπεσε
933 1644 991 1725 μίν
1020 1652 1082 1711 τών
1112 1651 1235 1726 λοιπών,

135 1736 332 1821 περιελείφθη
358 1734 390 1801 δ’
418 1736 495 1823 αὐτῇ
512 1740 624 1822 Μηδία
640 1765 671 1805 τε
688 1744 739 1805 καί
755 1744 881 1832 Περσίς.
929 1744 951 1829 ἢ
967 1748 1019 1811 καλ
1035 1746 1136 1825 ἄλλως
1150 1750 1186 1813 τὸ
1204 1752 1236 1815 ἐν

133 1836 216 1921 μίρει
241 1844 349 1919 στῆναι
372 1838 407 1904 τδ
430 1840 541 1925 θηρίον
564 1841 809 1931 ἕκληφθήοεται,
834 1850 882 1911 oo
907 1847 1013 1929 καιρόν
1027 1874 1095 1913 τινα
1112 1852 1272 1934 δηλαδὴῦ

94 1952 128 2007 15
135 1936 284 2020 σχολάσαι
306 1940 361 2024 τήν
383 1950 444 2009 τῶν
459 1946 591 2029 Περσῶν
605 1950 764 2027 βασιλείαν
779 1951 831 2013 καί
846 1946 1049 2031 όπρακτῆσαι.
1099 1958 1154 2015 τού
1175 1952 1236 2038 γάρ

128 2040 329 2131 Ἀλεξάνδρου
354 2044 568 2132 καθῃρηκότος
595 2048 709 2131 αύτήν,
734 2046 799 2116 siau
823 2048 995 2129 θανόντος,
1018 2052 1061 2127 είς
1085 2052 1235 2140 τίσσαρας

131 2142 231 2228 όρχδς
253 2142 274 2230 ἦ
298 2147 409 2211 ἐκείνου
431 2150 583 2233 μοναρχία
605 2148 741 2236 διῄρητο.
793 2153 863 2217 κατ’
883 2149 1021 2234 ἀλλήλων
1038 2154 1072 2217 δὲ
1087 2160 1148 2220 τών
1164 2158 1233 2221 δια-

109 2246 232 2331 δόχων
264 2247 358 2313 αύτοό
385 2248 593 2335 χωρησάντων
618 2254 669 2315 καλ
694 2254 726 2317 ἐν
751 2262 819 2329 ταῖς
842 2254 920 2341 πρδς
946 2252 1095 2339 ἀλλήλους
1118 2255 1233 2340 μάχαις

128 2346 365 2432 ήσθενηκότοιν,
387 2350 416 2415 oi
441 2352 565 2435 Πίρσαι
589 2349 679 2418 πόλιν
701 2362 809 2440 καιρού
830 2354 992 2443 λαβόμενοι
1014 2356 1231 2447 δνεθόρσησαν
1258 2389 1278 2440 x,

89 2455 183 2524 moi
201 2453 301 2516 πολλὰ
317 2459 372 2536 τῆς
387 2453 535 2540 σφετίρας
550 2453 648 2540 όρχῆς
664 2455 874 2541 ἀνεκτήσαντο.

237 2556 284 2621 Τὸ
309 2557 343 2620 δὲ
363 2559 464 2642 τρίτον
480 2559 589 2644 θηρίον
605 2556 752 2644 παρδάλει
768 2552 807 2644 ἦν
821 2561 967 2648 ίμφερίς,
986 2565 1039 2627 καλ
1058 2565 1153 2651 πτερά
1170 2563 1230 2647 είχε

128 2657 262 2743 τίσσαρα
285 2667 418 2723 πετεινοῦ
439 2656 577 2746 ύπεράνω
602 2660 712 2744 αύτής,
737 2664 789 2727 καὶ
811 2667 957 2749 τέσσαρες
978 2669 1108 2749 κεφαλαί
1130 2665 1231 2751 τούτῳ

128 2767 173 2848 τῷ
188 2763 289 2850 θηρίῳ
306 2759 508 2848 ἐπεφύκεσαν,
530 2765 581 2826 καὶ
598 2765 735 2840 ἐξουσίαν
753 2765 830 2848 λέγει
847 2769 979 2845 δοθῆναι
997 2763 1090 2850 αύτῷ.
1139 2772 1229 2830 τοῦτο

130 2864 163 2928 δὲ
178 2862 213 2929 τδ
230 2867 339 2951 θηρίον
355 2865 410 2948 τήν
427 2866 642 2948 Μακεδονικήν
658 2863 780 2943 ιλκόνιζε
793 2866 959 2946 βασιλείαν.
1010 2861 1160 2954 παρδάλει
1174 2868 1230 2950 μίν

197 3007 232 3064 13
246 3003 423 3078 περιελήφθη
440 3009 473 3062 Δ.

127 3125 323 3210 hellesponton
344 3127 458 3196 subegit.
491 3126 565 3182 cuius
577 3125 657 3212 'filius
680 3126 824 3210 Canhyses
846 3133 876 3180 et
896 3128 1047 3210 Apgyptun
1069 3135 1098 3181 et
1118 3129 1229 3186 Aethio-

125 3197 559 3332 tiit’sttt·¹ss⁸‘¹3.⁰initss
575 3193 1228 3320 ‘t‘tizntiitieinhtiffltffitistt

125 3349 203 3404 postu
227 3333 301 3387 Darii
323 3283 397 3388 filiun}
412 3333 578 3404 expeditione
594 3345 716 3404 suscepta
732 3283 841 3386 oohatus
857 3335 902 3387 ille
918 3333 1021 3403 quiden
1037 3342 1081 3387 est
1095 3334 1229 3405 Europam

127 3403 266 3472 subigere,
291 3404 338 3454 sed
362 3406 396 3457 ab
418 3401 624 3457 Atheniensibus
645 3401 733 3456 nasah
773 3419 844 3471 ugna
860 3403 946 3455 τίσατο
963 3420 1020 3456 eon
1037 3404 1165 3456 dedecore
1180 3403 1228 3455 do—

125 3487 192 3526 snum
219 3470 307 3526 rediit.
352 3472 403 3525 iam
428 3473 509 3524 statio
534 3471 560 3524 in
585 3481 660 3541 parte
683 3471 752 3540 sign'
773 3481 817 3523 cut
840 3488 886 3524 eos
910 3488 1017 3540 regnam
1043 3489 1094 3525 non
1117 3488 1227 3541 prorsus

126 3541 265 3626 asnissoros
279 3541 326 3593 aad
344 3542 400 3624 pius
419 3541 539 3624 exigusin
554 3549 655 3607 partem
670 3549 829 3592 retenturos.
862 3557 921 3622 pann
937 3557 995 3593 eum
1011 3541 1145 3624 imppriuns
1159 3539 1227 3592 iliud

106 3609 1227 3748 ii?iiffinAZiiriff‘hiiiihnAt‘iiiimhhifflrffhfflniffi

124 3747 206 3800 statio
224 3747 271 3800 illa
287 3748 314 3800 in
332 3756 407 3817 perte
424 3748 520 3802 referri
536 3752 627 3817 potest
643 3764 687 3811 eo,
705 3746 776 3815 quod
792 3746 930 3800 Persarum
949 3763 1057 3816 regnum
1073 3746 1107 3797 ad
1123 3753 1226 3814 tenpus

123 3815 238 3870 otiosum
256 3823 285 3870 et
301 3817 423 3884 ignavum
441 3819 477 3871 sit
494 3819 622 3870 futurum:
643 3832 700 3869 nssn
720 3815 870 3868 Alexandro
886 3826 947 3886 poet
963 3817 990 3868 id
1006 3816 1143 3866 subactum
1159 3831 1226 3867 saor-

125 3895 188 3952 tuo,
214 3885 269 3938 eius
294 3885 444 3940 monarchia
466 3887 492 3940 in
516 3894 642 3955 quattuor
662 3901 745 3952 regna
762 3894 805 3937 est
819 3885 955 3939 distracta.
988 3899 1046 3935 oum
1063 3891 1150 3936 autesn
1168 3900 1227 3935 suo·

123 3969 243 4008 cessores
269 3955 326 4008 eius
350 3955 450 4007 crebris
473 3956 544 4008 inter
560 3969 620 4008 sese
636 3953 740 4022 praeliis
757 3953 829 4008 vires
845 3971 907 4008 suas
924 3952 1103 4018 attrivissent,
1127 3952 1227 4004 Persae

123 4030 232 4092 arrepta
254 4025 391 4078 occasione
413 4031 596 4096 resumptoque
617 4023 715 4078 fiducia
736 4024 842 4078 muitum
864 4026 898 4076 de
919 4037 968 4077 suo
987 4021 1097 4093 imperio
1115 4035 1226 4088 reeupe-

123 4099 347 4214 muniturum
364 4160 457 4214 animal
475 4163 615 4230 pantherae
631 4159 685 4214 fuit
701 4161 800 4226 simile,
825 4166 951 4228 quattuor
967 4156 1016 4208 siis
1033 4157 1181 4210 volucribus
1196 4155 1226 4207 in

124 4229 201 4283 dorso
227 4229 386 4298 praeditum,
415 4237 537 4297 quatuor
561 4231 639 4286 etism
662 4229 792 4296 capitibus
808 4228 836 4280 in
853 4244 886 4278 eo
903 4224 1006 4290 enatis,
1030 4225 1074 4277 oui
1096 4225 1226 4296 propheta

122 4309 282 4371 potestatem
306 4315 365 4352 esse
390 4297 477 4352 dauon
502 4297 549 4354 sit.
583 4297 632 4354 hoo
648 4297 743 4354 animai
758 4293 892 4367 inperium
907 4292 1102 4349 Msoedouicuus
1117 4310 1227 4365 reprae-

165 4373 293 4430 Ζοπστοο
312 4377 441 4428 Annales·
979 4361 1021 4429 15
