3050 4900
270 334 344 405 aad
624 326 798 396 IOANNIS
823 326 1020 394 ZONARAE

263 520 322 587 “sd
340 520 501 605 βδέλυγμα
516 518 573 599 τῆς
590 511 772 603 ἐρημώσεως
788 514 883 593 ἑστώς
900 518 932 581 έν
948 513 1030 602 τόπῳ
1049 511 1135 603 ἀγίιμ,
1152 512 1308 599 γινώσκετε
1325 514 1377 581 ὅτι

268 624 385 710 ἤγγικεν
402 619 422 705 ή
442 618 594 709 ίρήμωσις
610 620 731 703 uitis?
752 626 807 701 τῆς
818 620 1020 708 Ἰερουσαλήμ
1037 614 1168 699 δηλαδή.
1210 622 1261 683 καὶ
1279 619 1380 685 ἀλλα-

265 736 326 812 χοῦ
342 727 373 791 δ’
394 725 453 813 ἔφη
471 722 487 789 ὃ
505 718 712 807 κάριος“ῗδοά
730 724 853 810 ἀφίεται
870 720 887 789 ὃ
906 720 987 799 σίνος
1002 720 1090 804 ἀμῶν
1105 721 1244 807 ipanus?
1278 730 1387 788 ταῦτα·

267 826 482 918 προδιδάσκων
497 827 550 894 τὸν
567 826 688 910 Δανιήλ
705 823 721 889 ὅ
740 825 925 913 ἀρχάγγελος
941 827 1090 914 ίπιφέρει,
1112 826 1191 907 μετά
1208 826 1244 891 τὸ
1261 831 1380 911 προθε-

269 935 372 1001 σπίσαι
401 928 443 1007 ὡς
465 934 498 997 ἐκ
521 928 616 1015 μέσου
633 926 788 1015 γενήσεται
806 928 825 1013 'l
842 930 951 1014 νομική
969 932 1110 1016 λατρεία,
1136 925 1171 991 τά
1183 926 1259 992 “aui
1276 931 1321 993 inl
1338 930 1404 997 adt

268 1038 348 1123 ἱερὸν
365 1036 523 1121 βδέλυγμα
540 1040 595 1118 τῆς
613 1030 820 1119 δρημώσεωςά
869 1037 922 1099 ‘iso
940 1034 974 1099 δέ
990 1034 1034 1116 μή
1050 1034 1214 1115 νομίζηται
1223 1041 1288 1109 τοῖς
1301 1032 1380 1097 'Iov-

269 1142 365 1215 δαίοις
382 1136 567 1225 πρόσκαιρος
584 1134 604 1219 ή
623 1135 784 1223 έρήμιοσις,
803 1134 845 1214 ὡς
863 1130 957 1213 αὖθις
973 1144 1028 1219 τῆς
1044 1133 1161 1211 πόλεως
1177 1136 1282 1211 αὐτοῖς
1295 1135 1381 1199 ἀνοι-

268 1243 559 1326 κοδομηθησομίνης
581 1243 631 1305 καί
654 1246 710 1306 τοῦ
734 1239 818 1326 ἱεροῦ
840 1240 1139 1327 ἀνιγερθησομένου,
1172 1235 1223 1302 οἷα
1247 1241 1298 1302 καλ
1323 1237 1381 1302 ἀλ-

232 1350 256 1407 Β
274 1354 342 1412 λοτε
358 1344 530 1421 πλειστάκις
548 1343 737 1428 συμβέβηκεν
754 1347 805 1410 έπί
819 1369 850 1408 τε
867 1350 912 1433 τῷ
927 1349 992 1431 ναῷ
1008 1345 1060 1407 καί
1076 1350 1115 1428 τῇ
1130 1338 1231 1420 πόλει,
1248 1340 1381 1427 ἐπήγαγε

266 1448 339 1515 ιικαί
365 1448 421 1525 ἕως
445 1450 614 1525 συντελείας
640 1454 747 1531 καιροῦ
766 1448 920 1513 συντέλεια
937 1445 1103 1531 δοθήσεται
1120 1446 1168 1509 ἐπὶ
1184 1444 1240 1526 τήν
1256 1443 1379 1530 ἐρήμω-
1387 1457 1422 1511 10

270 1552 358 1632 σιν,”
386 1552 556 1631 τουτέστιν,
583 1549 640 1626 λ’ως
664 1556 852 1639 mosoma-3⁴1
878 1547 894 1616 ὃ
922 1552 998 1615 αίών
1013 1557 1099 1632 μενεῖ
1111 1551 1162 1612 καί
1179 1546 1199 1630 ή
1216 1549 1381 1631 ἐρήμωσις,

270 1659 322 1721 καί
345 1652 414 1719 τάτε
439 1658 489 1720 καί
515 1649 610 1741 ταύτῃ
635 1654 721 1731 τέλος
743 1655 828 1721 ἔσται
851 1653 900 1720 δτι
924 1653 1023 1719 οάκέτι
1047 1650 1153 1739 καιρὸς
1174 1650 1195 1735 ἢ
1218 1654 1273 1735 τήν
1290 1651 1382 1717 πάλιν

272 1759 439 1840 ἀναστῆναι
455 1755 475 1840 ἢ
491 1758 544 1822 τάν
560 1752 644 1821 ναόν.

377 1860 484 1925 Ταῦθ’
507 1858 662 1940 ὅΔανιήλ
679 1862 747 1944 περὶ
764 1863 825 1924 τάν
850 1854 1015 1945 ὁμοφύλων
1040 1855 1135 1921 adsoni
1158 1854 1299 1921 τεθέαται
1326 1859 1382 1920 καὶ

270 1960 434 2048 μεμύηται.
485 1959 564 2027 ἀλλὰ
580 1962 632 2027 καί
648 1960 753 2049 ἑτέρας
768 1962 915 2038 ὀπτασίας
932 1958 1046 2046 ἑώρακε
1063 1961 1115 2023 καί
1139 1956 1277 2037 ένίπνια,
1302 1958 1379 2024 θεά-
1387 1974 1426 2031 15

271 2072 329 2131 θεν
347 2066 431 2155 αὐτῷ
447 2064 692 2149 προδηλουμένης
710 2064 756 2128 δι’
788 2066 887 2131 αὐτῶν
904 2071 959 2147 τῆς
975 2061 1145 2146 μελλοάσης
1167 2062 1295 2129 ἔσεσθαι
1319 2069 1383 2128 τῶν

272 2174 426 2250 κοσμικῶν
442 2167 628 2254 πραγμάτων
645 2173 827 2253 μεταβολῆς.
879 2170 931 2233 καλ
947 2167 984 2232 οὗ
1000 2174 1055 2250 τῆς
1080 2165 1270 2242 ἀλλοιώσεως
1285 2163 1383 2249 μόνης

271 2272 389 2353 έμυεῖτο
407 2268 461 2353 τήν
480 2270 667 2358 πρόγνωσιν,
693 2272 773 2337 ἀλλὰ
788 2275 840 2337 καλ
855 2270 928 2349 τοὺς
944 2270 1070 2359 καιροάς
1086 2268 1165 2334 καθ’
1192 2268 1246 2345 atr
1271 2269 1383 2335 ἀποτε-

270 2372 454 2454 λεσθήσεται
472 2374 597 2441 ἕκαστον
615 2374 715 2441 αὐτῶν
731 2374 925 2441 tortosano·
941 2370 1118 2464 ἀγνοήσεται
1134 2370 1255 2450 πάντως
1271 2368 1288 2436 ὅ
1304 2378 1383 2456 βου-

270 2475 397 2560 λόμενος
412 2475 589 2566 τελεώτερον
605 2479 696 2546 ἐπιών
712 2477 768 2561 τήν
783 2481 893 2560 βίβλον
908 2484 970 2544 τῶν
986 2485 1040 2544 τοῦ
1057 2475 1220 2564 προφήτου
1233 2473 1427 2561 ipsiorum

232 2593 256 2650 0
274 2583 325 2648 καὶ
341 2580 470 2663 βεβαίαν
485 2586 573 2668 σχοίη
590 2579 764 2665 κατάληψιν
780 2583 920 2648 ἐντεῦθεν
936 2577 978 2658 ὥς
994 2579 1083 2646 οὐδέν
1098 2577 1287 2666 ἀπρονόητον
1311 2579 1382 2644 οὐδ’

270 2687 336 2768 είκή
352 2681 518 2772 φερόμενον
535 2687 586 2753 καὶ
605 2683 646 2762 ὡς
662 2681 782 2766 δ’τυχεν,
806 2683 885 2749 ἀλλὰ
902 2680 1055 2770 πάντατῇ
1081 2683 1155 2772 θείη
1178 2683 1309 2776 προνοίην
1331 2685 1385 2748 καλ

272 2793 477 2874 κυβερνῶνται
494 2794 544 2855 καὶ
563 2784 761 2874 διεξάγονται.

340 2949 355 2999 1
375 2942 419 2999 ὅτι
433 2943 564 3014 ήγγικεν]
582 2947 649 3000 Luc.
664 2949 699 3000 21
717 2949 761 3001 20.
833 2947 851 3001 3
867 2943 946 3016 ἀμῶν
958 2947 982 2999 Α
994 2945 1091 3000 blattb.
1106 2946 1143 3000 23
1158 2945 1204 3014 38,
1220 2937 1300 3012 ἡμῶν
1313 2946 1382 3001 PW.

340 3015 356 3072 7
375 3009 481 3078 αὐτοῖς,
499 3032 568 3069 corr.
588 3033 622 3068 ax
639 3013 741 3084 αὐτῆς,
759 3016 798 3069 A:
815 3016 876 3069 Pw
893 3011 988 3084 τιάτής.
1094 3017 1127 3068 ll
1145 3012 1194 3067 ναί
1211 3031 1253 3066 om
1269 3015 1301 3067 Α.

267 3145 275 3170 ⁸
288 3147 506 3202 abominationem
519 3147 654 3201 vastitatis
665 3147 693 3200 in
705 3149 764 3202 looo
781 3158 874 3202 sanato
886 3159 1001 3205 stantem
1012 3153 1150 3218 videritis,
1171 3151 1267 3205 scitota
1280 3151 1383 3205 instare

271 3217 421 3272 vastitatem
436 3210 527 3284 alua,'¹
546 3217 617 3270 urbis
635 3217 876 3285 Hierosolymorum
892 3220 1001 3274 scilicet.
1036 3221 1100 3274 alibi
1119 3238 1224 3292 quoque
1243 3221 1280 3273 ait
1300 3222 1384 3275 domi-

272 3305 321 3341 nus
334 3281 415 3339 “ecco
427 3286 516 3338 domus
530 3293 620 3340 vestra
636 3287 799 3357 relinquetur
816 3285 946 3342 deserta?
981 3290 1046 3343 huso
1058 3291 1189 3343 Danielem
1208 3306 1383 3360 praemonens

161 3393 167 3412 ι
271 3355 453 3424 archangelus,
466 3373 523 3408 cum
535 3356 711 3426 praedixisset
723 3357 832 3426 legulam
844 3359 942 3412 cultum
955 3360 1063 3412 emedio
1076 3361 1204 3413 sublatum
1215 3360 1264 3424 iri,
1276 3361 1386 3413 subiicit

267 3421 315 3479 “at
332 3441 411 3494 super
431 3424 552 3496 templum
564 3425 722 3480 abominatio
737 3420 896 3482 vastitatis?
929 3444 963 3480 ne
976 3445 1039 3481 vero
1051 3429 1142 3482 ludaei
1160 3439 1285 3499 putarent
1298 3431 1385 3482 rasti-

271 3503 352 3548 tatom
364 3493 398 3547 ad
411 3503 511 3562 tempus
523 3495 673 3552 duraturam
685 3501 713 3547 at
724 3498 813 3550 urbem
824 3496 1021 3552 instaurandam
1032 3516 1063 3551 ac
1075 3499 1196 3568 templum
1211 3499 1385 3550 reaedifican-

272 3563 333 3618 dum
345 3581 419 3630 esso,
439 3564 583 3618 cuiusmodi
596 3565 686 3618 atalia
698 3566 856 3619 creberrimo
868 3567 929 3618 urbi
941 3577 970 3620 at
980 3569 1075 3636 templo
1087 3569 1255 3634 acciderant,
1275 3569 1386 3621 subiicit

268 3627 317 3684 “et
330 3650 412 3702 ιιειμια
425 3633 458 3686 ad
472 3634 683 3704 complementum
700 3634 824 3706 temporis
836 3638 1047 3705 complementum
1059 3635 1165 3688 dabitur
1175 3653 1255 3705 super
1265 3636 1386 3688 vastita-

272 3695 364 3768 tem,''
386 3704 436 3758 hoo
448 3711 505 3766 est,
517 3703 600 3756 donec
612 3719 705 3756 aarum
718 3707 848 3774 expletum
861 3707 959 3773 inerit,
978 3720 1098 3756 mansura
1112 3706 1241 3758 astatium
1253 3705 1385 3772 ναυτίλους

272 3778 327 3824 tum
348 3789 412 3892 νεηο
425 3779 453 3825 at
470 3772 546 3825 buius
563 3771 704 3843 dulserit,
724 3790 783 3827 oum
793 3793 844 3828 non
856 3777 909 3829 erit
918 3782 1019 3846 tompus
1031 3774 1073 3829 vol
1093 3775 1165 3831 urbia
1178 3775 1221 3828 vol
1238 3774 1327 3845 templi
1340 3777 1385 3828 in-

287 3847 382 3895 launan
402 3841 420 3898 i.

175 3913 177 3920 '
271 3853 285 3898 β
375 3909 451 3963 Haoo
468 3907 571 3960 Danieli
587 3907 621 3961 da
640 3909 809 3982 popularibus
828 3911 883 3965 suis
900 3927 948 3980 par
965 3907 1093 3962 visionem
1112 3909 1200 3964 oblata
1218 3918 1245 3964 et
1262 3913 1383 3964 revelata

272 3985 343 4038 sunt,
377 3977 447 4031 idem
458 3977 517 4030 aliis
532 3994 635 4048 quoquo
647 3977 794 4032 visionibus
806 3987 835 4033 at
846 3979 951 4034 somniis
963 3977 1089 4031 divinitus
1101 3981 1217 4034 eruditus
1235 3987 1279 4034 est
1290 3983 1323 4032 da
1340 3981 1386 4032 ia·-

188 4107 190 4111 .
271 4045 341 4100 turis
353 4063 439 4102 rarum
451 4047 618 4101 humanarum
630 4047 835 4116 mutationibus,
852 4067 901 4102 noo
912 4049 945 4099 da
956 4048 1145 4102 mutationibus
1157 4065 1242 4102 rarum
1255 4052 1385 4103 duntaxat

271 4115 317 4166 sad
329 4123 357 4167 et
369 4114 401 4168 do
412 4117 572 4187 temporibus
584 4115 679 4197 quibus
691 4131 811 4186 quaeque
820 4127 963 4171 avasrturna
975 4125 1079 4170 essent:
1094 4135 1162 4188 quaa
1175 4119 1264 4186 quivis
1277 4119 1385 4171 absolu-

270 4181 324 4234 tius
335 4173 493 4253 dognoscars
513 4191 614 4254 potent
631 4183 702 4237 lacto
715 4186 844 4239 visionum
856 4184 1003 4254 prophetae
1015 4185 1098 4255 libro,
1119 4197 1243 4256 certoque
1255 4198 1384 4253 statuere,

271 4249 335 4300 nihil
350 4255 468 4306 annidaro
480 4269 559 4318 casu,
570 4271 655 4323 nequo
668 4254 780 4308 lortuito
792 4263 822 4308 at
831 4265 930 4306 munera
941 4254 1082 4329 quidquam
1094 4258 1167 4326 gari,
1181 4257 1228 4308 sed
1240 4259 1386 4327 providen-

270 4317 311 4371 tia
325 4317 417 4373 dirius
427 4323 568 4389 gubernari
581 4323 668 4376 omnia
679 4331 709 4376 ot
719 4323 831 4394 produci
843 4323 877 4378 ad
889 4322 1000 4380 exitum.
1042 4379 1047 4391 ,
