3050 4900
305 317 382 388 452
673 309 847 384 IOANNIS
871 313 1065 380 ZONARAE

306 510 444 573 πείθοιτο
466 499 610 581 πολλάκις
628 500 687 567 ὑπὸ
707 511 761 568 τοῦ
783 499 928 589 Τήροινος
949 507 1031 589 ξυρῷ
1047 499 1100 566 τὸν
1115 498 1229 582 λαιμὸν
1241 507 1299 570 τοῦ
1313 511 1397 586 βασι.

306 612 382 688 λέως
392 619 505 692 τεμεῖν·
531 607 658 674 έσεσθαι
669 607 727 693 γάρ
741 609 773 671 έν
784 616 848 683 τοῖς
861 603 994 692 πρώτοις
1007 609 1051 692 τῷ
1058 598 1257 694 Ἀλεξάνδρῳ.
1307 617 1398 676 ταῦτα

306 713 397 780 ελπάιν
412 713 464 776 καλ
480 711 573 788 αὐτὸς
587 707 843 793 συλλαμβάνεται.
893 711 944 772 καὶ
960 709 992 773 έν
1008 705 1154 791 βασάνοις
1166 701 1247 792 ἦσαν
1261 707 1279 777 ὃ
1294 711 1400 800 Τήροιν

163 831 186 882 P
204 829 218 882 1
234 827 287 885 253
303 843 335 884 τε
351 818 402 881 καὶ
419 812 435 878 ὃ
453 825 525 892 παῖς
539 815 698 880 αὐτοῦκαὶ
714 805 837 890 univoci>
854 809 989 897 κουρεύς.
1041 813 1310 900 διακαρτεροῦντας
1325 817 1355 881 δ’
1372 817 1400 882 έν

260 985 264 992 ,
301 929 368 997 ταῖς
389 915 538 1000 βασάνοις
558 925 613 983 τοῦ
636 915 800 1001 Τήριονος,
826 911 907 1000 δρῶν
928 911 943 979 ὃ
967 921 1038 990 παῖς
1056 913 1108 979 τὸν
1128 916 1247 1003 ποτέρα
1266 924 1426 1000 χαλιπάς5

302 1023 504 1105 διακείμενον,
531 1020 590 1108 ἔφη
612 1018 757 1104 μηνύσειν
777 1023 821 1107 τῷ
843 1022 968 1098 βασιλεῖ
983 1016 1039 1099 τήν
1061 1013 1211 1102 ἀλήθειαν
1217 1066 1228 1099 ,
1255 1024 1282 1085 ελ
1304 1022 1399 1106 μέλλει

300 1124 458 1216 ῥύσασθαι
477 1129 539 1190 τῶν
558 1121 704 1207 βασάνων
726 1122 779 1187 τὸν
798 1120 914 1207 πατέρα
934 1122 985 1185 καὶ
1002 1117 1123 1185 ἔαυτόν.
1173 1122 1277 1204 λαβὼν
1299 1127 1334 1190 δὲ
1354 1127 1401 1190 πέ-

299 1255 397 1309 στεις,
423 1227 520 1313 ἔλεγεν
546 1224 622 1292 εἶναι
645 1222 803 1309 συνθήκην
827 1225 991 1290 ἐπιθέσθαι
1018 1229 1063 1310 τῷ
1089 1229 1216 1304 βασιλεῖ
1237 1226 1281 1290 δι’
1310 1227 1402 1294 αὖτο-

296 1335 415 1419 χειρίας
436 1331 490 1397 τὸν
514 1328 660 1417 Τήρωνα.
709 1335 808 1394 ταῦτα
836 1327 925 1392 simio
948 1329 1110 1414 ἐξαιρεῖται
1134 1326 1187 1392 τὸν
1208 1330 1327 1416 πατέρα
1350 1340 1401 1416 τῆς
1513 1357 1514 1398 ι

298 1435 443 1522 ἀνάγκης.
494 1432 510 1499 ὃ
533 1434 565 1499 δ’
580 1429 734 1520 Ἡρώδης
749 1430 838 1497 οὐδὲν
852 1428 895 1495 έτι
910 1426 1103 1511 ἐνδοιάσιμον
1117 1437 1156 1516 τῇ
1168 1438 1255 1517 ψυχῇ
1271 1441 1397 1500 καταλε-
1406 1447 1441 1500 10

297 1539 411 1616 λοιπάς
425 1539 492 1625 περὶ
505 1539 561 1620 τήν
573 1537 795 1612 τεκνοκτονίαν,
821 1533 907 1610 τίλας
922 1540 960 1620 τῇ
974 1532 1146 1620 προαιρέσει
1163 1534 1298 1600 ἐπέθετο.
1349 1542 1400 1603 καὶ
1513 1531 1514 1586 i

297 1641 443 1726 άχθέντες
466 1644 507 1717 είς
527 1641 688 1723 Σεβαστὴν
704 1634 902 1722 Ἀλέξανδρός
920 1661 952 1700 τε
973 1638 1022 1700 καὶ
1038 1634 1274 1724 Ἀριστόβουλος
1293 1640 1399 1705 έπιτά-
1513 1717 1514 1736 η

297 1751 405 1823 ξαντος
416 1751 472 1810 τοῦ
485 1742 601 1829 πατρὸς
613 1739 789 1830 στραγγάλῃ
803 1736 1071 1824 ἀπηγχονήθησαν.
1114 1740 1291 1825 προαγαγὼν
1305 1743 1337 1805 ‹i’
1353 1746 1398 1819 είς

257 1857 281 1908 Β
297 1849 332 1914 τὸ
347 1854 468 1931 πλῆθος
480 1849 673 1932 τριακοσίους
686 1851 748 1911 τῶν
760 1841 916 1928 ἡγεμόνοιν
930 1841 1002 1919 τοιλς
1017 1844 1049 1907 έν
1064 1844 1144 1932 αἰτιήι
1155 1844 1332 1926 γενομένους
1346 1849 1401 1912 καὶ

295 1951 350 2018 τὸν
369 1948 503 2036 Τήρωνα
522 1949 578 2015 σὺν
597 1956 642 2037 τῷ
661 1950 747 2013 παιδὶ
762 1949 815 2012 καί
830 1945 1010 2032 τὸν-κουρέα
1028 1943 1187 2032 κατηγόρει
1201 1945 1320 2011 αὐτῶν·
1346 1948 1399 2025 οὓς
1407 1961 1441 2014 15

297 2057 328 2121 oi
339 2061 393 2122 τοῦ
406 2049 547 2135 πλήθους
560 2050 725 2135 βάλλοντες
736 2060 800 2126 τοῖς
814 2054 1041 2134 παρατυχοῦσιν
1055 2049 1240 2114 ἀπέκτειναν.
1513 2123 1514 2130 ¹

394 2151 582 2244 Ἀντιπάτρῳ
606 2156 640 2220 δέ
658 2153 912 2240 κατεργασαμένῳ
934 2150 1006 2226 τολς
1025 2151 1177 2238 άιλελφοιλς
1195 2153 1400 2238 έργωδεστέρα
1513 2229 1514 2242 η

294 2251 333 2342 ἦν
344 2257 364 2342 ri
376 2267 431 2341 τῆς
443 2261 602 2343 βασιλείας
613 2259 751 2340 ἔπιτοχίο
757 2305 768 2337 ,
790 2257 900 2340 μίσους
912 2261 956 2342 τῷ
968 2252 1049 2320 ἔθνει
1063 2255 1192 2341 φυέντος
1204 2254 1283 2342 πρὸς
1296 2255 1400 2337 αὐτόν,
1513 2305 1514 2320 ι

295 2365 346 2427 καί
366 2360 503 2443 μάλιστα
522 2369 566 2453 τῷ
583 2359 738 2450 ὁπλιτικῷ.
789 2361 863 2436 τίσις
884 2358 919 2422 δὲ
938 2364 1066 2440 συνῆρχε
1084 2366 1129 2446 τῷ
1146 2362 1239 2445 πατρὶ
1259 2362 1310 2424 καὶ
1331 2360 1401 2424 Inr-

295 2462 416 2532 στεάετο
448 2464 525 2550 παρ’
558 2466 664 2531 αὐτοῦ.
714 2462 771 2547 τήν
802 2464 835 2528 δὲ
863 2458 1074 2549 Ἀλεξάνδρου
1099 2472 1227 2547 γυναῖκα
1248 2460 1440 2553 Ἡρώδης-πο
1513 2512 1514 2549 η

294 2569 372 2656 πρὸς
392 2569 445 2635 τὸν
465 2567 582 2657 πατέρα
602 2568 785 2648 ἀνέπεμψεν.
835 2562 941 2651 έτρεφε
958 2565 992 2629 δὲ
1007 2566 1047 2630 τὰ
1060 2570 1122 2632 τῶν
1136 2562 1294 2631 θανόντων
1309 2569 1400 2635 τέκνα

294 2670 374 2740 πάνυ
395 2674 553 2757 έπιμιλολς.
601 2663 681 2756 ήσαν
701 2670 735 2734 δέ
752 2663 955 2755 Ἀλεξάνδρῳ
971 2666 1028 2757 μέν
1045 2668 1078 2733 tx
1094 2666 1399 2759 Παφάραςάρσενες
1513 2710 1514 2717 1

362 2921 382 2972 ²
410 2916 470 2980 τθῖέ
497 2917 548 2971 add
578 2916 609 2970 A.
764 2916 798 2973 11
825 2880 1021 2969 τεκνοκτονίαν
1040 2914 1086 2982 A,
1119 2917 1295 2987 τειιναγονίαν
1324 2904 1396 2976 PW.

363 2988 399 3042 14
415 2982 581 3055 ιεναέιουι
596 3000 638 3037 om
654 2985 688 3037 s.
827 2988 862 3041 οι
879 2980 1042 3057 ἀπέπεμψεν
1060 2987 1091 3042 n
1513 3004 1514 3087 i

295 3226 340 3263 sor
360 3205 432 3260 dixit
454 3222 483 3259 se
503 3221 520 3258 ι
535 3204 644 3258 Terone
660 3202 765 3273 saepius
782 3202 950 3261 sollicitatam
967 3214 998 3260 ut
1014 3208 1085 3278 regis
1102 3209 1185 3278 gulam
1202 3211 1332 3263 novacula
1351 3212 1396 3264 ab·
1513 3172 1514 3257 λ

182 3318 185 3323 .
293 3276 439 3343 scinderet,
466 3292 519 3345 quo
535 3276 607 3328 laeto
623 3274 767 3345 principem
785 3274 868 3326 locum
884 3275 953 3346 apud
969 3276 1142 3332 Alexandrum
1157 3278 1294 3331 habiturus
1312 3288 1396 3333 esset.
1513 3268 1514 3357 l

294 3348 336 3401 lais
353 3344 430 3399 dictis
448 3352 476 3398 et
492 3347 550 3415 ipso
566 3343 808 3415 comprehenditurs
827 3344 995 3412 quaestiones
1012 3348 1046 3401 de
1062 3348 1183 3410 Terone,
1203 3346 1259 3399 eius
1275 3348 1349 3416 tilio,
1368 3352 1399 3401 el:
1513 3358 1514 3407 j

294 3423 404 3470 tonsore
430 3416 570 3468 habentur.
605 3431 681 3484 quam
706 3412 890 3467 necessitatem
914 3421 991 3484 patre
1014 3418 1123 3470 sortiter
1144 3417 1287 3483 tolerante,
1314 3419 1398 3485 filius,
1513 3426 1514 3443 ¹

295 3486 343 3555 qai
359 3502 436 3554 qoem
452 3486 476 3538 is
495 3484 587 3538 misere
603 3484 717 3537 affectus
732 3488 804 3535 esset
821 3490 956 3551 cerneret,
975 3485 1042 3541 dixit
1058 3502 1087 3538 se
1102 3486 1160 3554 regi
1173 3486 1313 3539 veritatem
1328 3488 1399 3539 indi·
1513 3490 1514 3513 ³

295 3562 428 3619 saturum,
453 3554 476 3608 ai
494 3562 594 3624 patrem
611 3561 685 3605 etse
702 3552 755 3605 illis
770 3552 931 3606 cruciatibus
947 3554 1062 3608 liberare
1077 3554 1167 3607 vellet
1201 3554 1255 3607 fido
1273 3566 1398 3626 accepta,
1513 3564 1514 3579 ³

294 3624 450 3677 convenisse
467 3623 505 3675 ait
523 3632 554 3675 ut
568 3621 659 3674 Teren
677 3621 732 3675 suis
748 3622 866 3674 manibus
882 3639 972 3692 regens
988 3624 1102 3677 occidat.
1137 3624 1178 3675 his
1193 3624 1274 3677 dietis
1291 3634 1398 3693 patrem

294 3710 418 3745 aerumna
446 3692 552 3745 liberat.
584 3688 708 3744 Herodes
734 3708 799 3743 vero
829 3690 897 3743 omni
918 3694 951 3745 de
973 3692 1033 3747 filiis
1058 3691 1206 3746 noeidendis
1229 3693 1400 3747 dubitatione

295 3761 399 3813 sublata
422 3760 555 3814 decretura
579 3776 653 3811 saura
679 3760 790 3829 exsequi
811 3761 918 3816 statuit.
952 3762 1043 3833 itaque
1065 3760 1213 3815 Alexander
1236 3766 1263 3814 et
1286 3762 1401 3817 Aristo·

295 3827 372 3882 bulus
388 3830 518 3882 sebasten
535 3828 668 3898 perducti,
692 3828 760 3880 illius
778 3830 851 3881 irusu
867 3830 960 3899 laqueo
975 3833 1171 3902 praefocantur.
1213 3838 1274 3885 sunt
1289 3838 1319 3883 et
1336 3840 1399 3886 tre-

294 3898 368 3952 centi
390 3898 471 3950 duces
496 3898 536 3951 rei
559 3903 588 3949 et
609 3895 700 3949 Teron
717 3914 775 3949 eum
790 3898 846 3950 filio
863 3906 892 3951 et
907 3908 1014 3953 tonsore
1028 3900 1153 3971 producti
1168 3904 1250 3971 atque
1265 3903 1401 3971 secanti,

293 3985 360 4039 quos
375 3967 488 4038 populus
503 3965 564 4019 telis
581 3965 668 4018 obiter
682 3966 796 4035 arreptis
811 3968 957 4023 interfecit.

398 4035 556 4103 Antipatro,
587 4051 645 4086 cum
669 4034 769 4087 fratrea
793 4038 961 4106 sustulisset,
989 4036 1125 4091 diffieilior
1148 4038 1222 4091 laeta
1248 4043 1290 4092 ost
1316 4038 1396 4109 regni

293 4105 417 4178 adeptio,
444 4104 573 4174 susceptis
598 4102 758 4173 popularium
782 4104 851 4157 odiis
877 4122 909 4158 ao
931 4105 1040 4159 rnilitum
1063 4108 1089 4159 ln
1113 4106 1221 4177 primis:
1245 4108 1293 4161 sed
1316 4108 1396 4177 regni

292 4176 343 4228 luit
358 4178 462 4229 interea
479 4191 536 4226 outa
552 4179 631 4243 petre
648 4171 797 4293 particeps,
815 4174 860 4243 qui
877 4174 901 4226 ei
918 4174 996 4228 fidene
1013 4176 1134 4233 habebat.
1167 4175 1312 4230 Alexandri
1328 4192 1396 4229 uxo·
1513 4208 1514 4211 =

292 4256 346 4291 raro
372 4245 405 4295 ad
429 4251 530 4311 patrem
552 4242 654 4294 remisit
676 4241 748 4292 Hero
769 4258 806 4295 es.
842 4244 1040 4298 interfectorum
1065 4246 1161 4300 liberos
1184 4262 1280 4313 magno
1301 4244 1396 4298 studio

287 4306 389 4362 alebat.
421 4318 576 4377 susceperat
597 4310 666 4364 enim
690 4310 838 4366 Alexander
858 4328 892 4367 ex
914 4314 1054 4387 Glaphyro
1075 4316 1140 4371 duos
1162 4329 1262 4384 mares,
1288 4314 1399 4371 Aristo·
