3050 4900
511 327 759 400 musmo.
1080 354 1188 404 mu

92 517 213 584 ultimus
226 527 355 606 propter
362 518 509 584 sh'ecteta
521 519 575 584 ihs
588 517 743 586 scribendi
755 517 939 609 compendia
958 531 990 585 et
1011 525 1069 604 τῆς
1084 529 1190 588 sutto-

90 622 217 710 ypuplug
229 621 380 706 studium,
401 621 485 689 unde
495 624 619 690 11111111
631 637 730 690 errata
743 625 884 690 1111111111
896 647 938 690 ex
948 625 1034 705 facili
1045 638 1191 692 notarum

89 728 275 792 mentione:
296 748 374 814 quas
391 749 461 792 cum
473 730 587 794 alicubi
598 751 663 796 non
677 727 848 794 dissimiles
861 732 939 808 siut,
958 730 1027 795 rim
1039 728 1192 796 dirersis-

89 831 200 895 aimam
216 832 338 896 hubent.
390 831 474 898 unde
484 836 601 898 lactum
614 844 664 914 ut,
682 833 948 920 quemadmodum
961 833 1142 900 Plutarchus
1155 856 1192 900 se

86 934 196 999 Latina
208 937 301 1001 rerba
312 957 355 1000 ex
367 938 542 1020 cognitione
554 959 658 1003 rerum
669 950 870 1025 assequutum
881 938 1057 1028 profitetur,
1073 938 1119 1002 its
1130 959 1191 1021 ego

87 1059 178 1127 saepe
197 1037 236 1103 de
256 1041 409 1105 varietate
430 1043 572 1108 lectionis
593 1063 635 1108 ex
654 1063 747 1108 sensu
762 1054 795 1108 et
808 1043 1036 1108 constructione
1049 1040 1191 1108 diriusre

86 1143 143 1206 sim
162 1155 300 1224 coactus,
326 1144 448 1209 ratione
465 1148 556 1233 plane
574 1158 786 1235 praepostere.
834 1167 911 1210 nam
923 1148 1065 1212 etrerbu
1077 1166 1190 1228 rernm,

86 1258 113 1309 et
130 1247 248 1312 litterae
268 1249 439 1314 verborum
459 1261 552 1316 uotae
566 1263 601 1316 11
614 1262 720 1314 essent
732 1262 805 1314 sunt
816 1251 976 1317 iuventus.
1023 1270 1126 1336 neque
1141 1262 1191 1314 ta·

86 1370 150 1414 men
161 1353 221 1416 hac
233 1353 363 1418 solertia
374 1375 427 1417 me
440 1353 588 1442 expedire
598 1355 711 1442 ubique
720 1355 910 1441 potuissem,
926 1353 1101 1441 nieiplures
1110 1353 1192 1418 mihi

86 1452 197 1520 codices
218 1455 413 1544 suppeditati
426 1459 568 1522 1111111111.
618 1479 751 1544 quorum
763 1470 826 1523 tres
841 1481 859 1523 e
873 1471 927 1522 tua
939 1458 1126 1524 1111111111
1139 1477 1193 1520 11-

86 1559 160 1644 cepi,
181 1563 309 1642 magnis
324 1562 498 1650 sumptibus
510 1561 600 1651 Gpoli
613 1565 811 1650 comparatos
825 1583 920 1650 opera
932 1573 1026 1648 atque
1038 1560 1192 1626 industria

85 1663 190 1744 egregii
217 1665 283 1730 viri
309 1676 340 1728 et
365 1663 527 1753 prudentia
549 1667 726 1752 longinquis
746 1667 1043 1754 peregrinationibus
1064 1665 1192 1748 Ulyssis

84 1769 221 1855 exemplo
237 1787 276 1830 sc
289 1770 386 1834 multo
400 1791 503 1834 rerum
515 1791 573 1834 usu
587 1783 675 1859 parta
689 1772 780 1851 cleri,
805 1769 935 1838 Ioannis
953 1769 1193 1846 Dernschurarn,

84 1871 129 1952 qui
148 1871 183 1932 in
202 1875 310 1936 fronte
328 1876 534 1938 vetustissimi
555 1875 638 1938 illius
660 1872 781 1938 codicis
794 1864 830 1956 1)
851 1874 928 1935 haee
941 1873 1039 1936 verba
1053 1869 1197 1954 scripsitr

79 1966 274 2040 “Chronicon
293 1975 421 2042 Ioannis
437 1979 580 2044 Zonarae
597 1977 719 2043 duobus
732 1978 831 2042 tomis
844 1974 1042 2049 distinctum,
1063 1990 1194 2055 quorum

81 2077 158 2161 prior
170 2078 340 2144 historiam
352 2078 512 2146 Iudaicum
523 2083 725 2170 potissimum
735 2082 777 2144 ab
787 2074 921 2141 exordio
929 2070 1038 2136 muudi
1046 2093 1142 2159 nsque
1150 2072 1192 2138 sd

80 2177 373 2264 Hierosolymorum
393 2185 568 2264 excidium,
594 2188 671 2247 ulter
689 2184 913 2268 imperatorum
925 2188 990 2240 tam
1003 2175 1191 2243 Graecorum

80 2303 170 2367 quem
191 2285 414 2348 Romanorum
430 2307 482 2348 res
500 2297 605 2365 gestas
623 2303 721 2368 nsque
736 2281 777 2346 ad
790 2281 891 2344 Alexii
905 2278 1057 2346 (1111111111
1069 2281 1191 2347 obitum

79 2387 312 2473 complectitur:
338 2405 421 2451 anno
451 2384 571 2451 domini
599 2383 683 2450 1554
711 2381 800 2473 Gpoli
829 2383 863 2447 in
887 2383 965 2450 Pera
987 2387 1056 2453 1111
1079 2384 1190 2451 Galata

81 2489 193 2575 (quam
217 2490 295 2552 olim
315 2476 490 2576 ciparello
512 2488 613 2555 Cornu
633 2490 821 2577 appellatam
840 2490 969 2575 putent)
992 2493 1056 2555 150
1071 2489 1191 2556 ducatis

80 2592 261 2675 llungaricis
276 2594 339 2656 emi
353 2614 372 2654 a
385 2594 547 2674 magnifico
560 2592 687 2657 domiuo
699 2594 837 2659 Antonio
849 2590 1083 2658 Cantacuzeuo:
1103 2596 1191 2657 cuius

82 2696 212 2777 lemilia,
239 2694 315 2760 dum
335 2717 385 2759 res
403 2694 578 2780 Byzantina
600 2697 700 2775 stetit,
727 2698 926 2785 imperatoria
939 2696 1013 2775 luit,
1039 2718 1120 2759 nunc
1134 2698 1193 2759 suh

82 2796 208 2864 Turrino
223 2798 386 2864 dominatu
400 2798 440 2863 ad
453 2802 610 2889 privatam
623 2798 841 2864 condicionem
852 2798 978 2861 redacta
991 2808 1055 2861 est:
1082 2798 1122 2857 11
1137 2817 1195 2859 eo-

84 2922 137 2986 que
148 2915 278 2987 rogatus
293 2925 364 2969 sum
377 2916 410 2967 ut
422 2906 482 2969 hoc
496 2924 576 2993 opus
590 2899 757 2989 aliquando
771 2897 990 2977 excuderetur,
1002 2908 1036 2961 et
1047 2896 1193 2987 impressi

85 3006 192 3073 codicis
218 3008 282 3072 sibi
304 3008 395 3096 copia
417 3010 507 3073 fieret
526 3010 568 3073 ch
585 3008 742 3072 Zonaram
756 3014 986 3071 conservatum.
1033 3016 1194 3090 praeteres

86 3110 250 3175 secundum
268 3112 411 3177 Zonaras
431 3124 553 3179 tomum
573 3109 613 3176 de
633 3108 873 3199 imperatoribus
893 3106 1072 3171 conterendi
1093 3109 1192 3191 gratie

86 3214 121 3275 ab
142 3214 320 3281 Alexandro
343 3218 580 3303 chartophylace
594 3216 718 3297 triginta
733 3214 853 3279 ducatis
866 3211 1051 3293 Hungaricis
1064 3234 1194 3301 compa·
1284 3258 1288 3265 -

86 3319 159 3382 ravi.
197 3322 293 3383 alium
303 3322 380 3384 item
393 3320 536 3385 Zonaras
550 3322 688 3384 libellum
703 3317 742 3382 de
750 3318 847 3405 ¹rebus
860 3316 986 3403 imperii
999 3326 1030 3379 et
1044 3316 1193 3379 ecclesiae

87 3438 103 3481 a
128 3418 330 3489 Constantino
353 3445 451 3509 usquc
472 3422 513 3489 ud
534 3422 743 3489 Iustinianum
762 3423 984 3508 imperatorem
1003 3441 1046 3485 ex
1064 3428 1192 3484 uetusto

88 3522 190 3589 codice
201 3526 466 3592 hauseriheudum
479 3526 619 3593 curavi.”
672 3528 821 3591 hactenus
833 3524 897 3587 ille.
948 3535 1090 3610 quartum
1104 3516 1194 3584 codi-

89 3646 150 3693 cem
163 3620 223 3711 ²),
249 3632 304 3715 qui
325 3652 345 3693 a
365 3629 571 3697 Constantino
594 3631 710 3711 Magno
730 3627 913 3714 incipiebat,
938 3628 1085 3693 omnibus
1100 3646 1194 3689 orna-

89 3734 196 3797 mentis
223 3735 410 3822 amplissimi
431 3734 512 3816 111,
540 3732 662 3799 domiui
687 3746 718 3797 et
743 3730 934 3795 Maecenatis
957 3728 1039 3808 mei,
1063 3725 1193 3792 Ioannis

88 3831 188 3901 Iacchi
201 3836 336 3919 Fuggeri
349 3840 536 3905 bibliotheca
549 3838 788 3903 instructissima
802 3831 1023 3924 suppeditsrit.
1058 3828 1194 3915 denique

89 3954 202 4023 praeter
224 3962 352 4005 ornnem
370 3965 459 4031 spem
479 3956 512 4009 11
532 3943 798 4031 exspectationem
816 3958 924 4004 meam
944 3936 1072 3999 11111111
1091 3934 1194 3999 Vien-

91 4046 189 4110 nensis
209 4046 416 4113 bibliothecae
438 4047 540 4116 codex
553 4048 673 4130 integer
686 4038 954 4131 811111111111111
969 4040 1193 4121 1111111111-

242 4242 313 4383 ilrptpr
329 4248 431 4299 nestros
449 4243 501 4311 C.]

244 4382 267 4434 n
284 4384 296 4451 1

153 4242 189 4309 1)

152 4312 190 4448 11

225 4382 236 4450 [
