3050 4900
506 374 722 451 snnssnnl
747 376 799 443 111
822 380 854 444 3.
1155 380 1232 453 213

123 559 173 625 ἀιιλ
189 558 226 626 τὸ
244 566 300 643 τῆς
315 556 436 645 γνώμης
452 560 640 648 στερέμνιον,
659 561 800 653 ὀστράκῳ
817 564 851 629 θ’
872 563 911 630 ἀν
930 567 1086 653 είνασθείη
1099 567 1136 635 τά
1153 575 1233 657 πλή-

120 669 197 743 θος,
222 660 462 749 ἀναμεμιγμένον
477 663 513 730 ἀν
526 674 591 743 τοῖς
602 666 634 731 έν
651 667 727 733 τέλει
742 672 793 733 καὶ
807 674 846 756 τῇ
859 674 958 757 βουλῇ
963 717 974 750 ,
991 669 1043 735 άιά
1055 698 1088 737 τε
1103 672 1139 738 τὸ
1155 698 1233 763 συρ-

123 768 259 853 φετοῖάες
271 770 322 831 καί
339 766 373 832 τὸ
383 769 574 852 χαμαίζηλον
592 770 749 853 (τοιοῦτον
765 769 824 858 γάρ
842 768 858 837 ὃ
871 772 968 856 πηλὸς
983 773 1058 840 ὅθεν
1069 773 1105 841 τά
1119 774 1233 865 ἀστρα·

122 892 176 934 τιον
196 870 326 956 γίνεται)
351 874 404 936 καί
424 870 476 936 tat
500 871 534 937 τὸ
550 870 753 957 εὐμετάβολον
765 878 817 940 καί
834 875 890 959 τήν
905 875 1069 942 ἀσθένειαν
1081 886 1137 944 τοῦ
1150 904 1232 969 φρο-

96 968 266 1055 5νήματος.
291 972 399 1039 εἷ’ωθεν
408 974 467 1061 γὰρ
480 974 515 1039 τά
525 982 646 1060 πλῆθος
661 978 799 1044 ἀστατεῖν
812 977 925 1071 ῥηιδίως
933 1005 965 1045 τε
980 977 1168 1067 μετάγεσθαι
1177 987 1228 1050 καλ
1245 992 1269 1049 Ρ
1286 990 1370 1053 112)

118 1074 421 1159 μεταβουλεύεσθαι·
446 1085 544 1144 ταῦτα
567 1081 604 1146 δέ
620 1106 667 1158 τις
692 1078 812 1168 εῧρήσει
832 1081 1004 1161 πλειστάκις
1020 1091 1061 1171 τῇ
1073 1082 1231 1170 Ῥωμαίων

119 1180 256 1270 πολιτείᾳ
265 1178 492 1265 συμβεβηκότα,
508 1182 600 1249 lusoir
612 1183 652 1250 τὰ
666 1188 735 1271 περὶ
748 1182 862 1269 ταάτης
874 1186 988 1272 ἀρχαῖα
997 1185 1231 1277 συγγράμματα.

222 1284 263 1347 El
273 1285 329 1366 μέν
343 1278 396 1350 osis
411 1285 490 1372 πρὸς
501 1286 557 1369 τήν
571 1288 721 1376 προτέραν
733 1284 922 1356 κατάστασιν
931 1297 985 1373 τῆς
991 1287 1163 1378 Ῥωμαὶλιής
1170 1320 1228 1360 πο-

121 1386 232 1463 λιτείας
251 1386 399 1475 ἀναφέροι
411 1413 459 1465 τις
473 1389 529 1473 τήν
544 1391 699 1479 διαφορὰν
713 1397 777 1457 τῶν
789 1388 870 1457 ἀλῶν
884 1394 935 1457 καλ
949 1392 1006 1477 τήν
1020 1400 1105 1477 μῖξιν
1118 1395 1229 1479 αὐτῶν,

80 1488 213 1554 1οταὕτ’
227 1488 264 1555 ἀν
276 1491 349 1567 έσιυς
361 1493 530 1577 λογίσαιτο,
547 1497 574 1559 εί
585 1496 618 1559 δέ
631 1493 708 1581 πρὸς
719 1492 777 1579 τήν
791 1491 922 1583 ὑστέραν
927 1545 938 1577 ,
953 1493 1003 1562 ὅτε
1019 1499 1097 1585 πρὸς
1111 1524 1229 1587 μοναρ-

116 1594 193 1675 χίαν
215 1594 246 1671 ίξ
267 1594 501 1682 ἀριστοκρατίας
526 1594 687 1681 μετήνεκτο
708 1594 871 1680 Ῥωμαίοις
888 1599 929 1665 sol
951 1596 1133 1687 πράγματα,
1176 1605 1229 1668 καί

121 1694 200 1781 πρὸς
219 1696 274 1777 τήν
292 1699 440 1763 είσίπειτα
457 1705 512 1783 τῆς
526 1703 684 1781 βασιλείας
702 1700 905 1781 κατάστασιν,
930 1706 981 1768 καλ
1000 1700 1069 1769 τότε
1087 1706 1229 1789 πλείστην

121 1796 159 1862 ἀν
172 1798 342 1882 καταλάβοι
354 1826 392 1888 τῃ
411 1805 545 1895 πολιτείην
558 1803 786 1890 προξενήσασαν
801 1804 922 1889 βλάβην
929 1805 984 1889 τήν
992 1806 1069 1891 πρὸς
1079 1805 1231 1890 ἀλλήλους

119 1906 181 1967 τῶν
191 1898 350 1986 Ῥωμαίων
367 1902 530 1987 διχάνοιαν.
582 1904 599 1973 i'
621 1933 652 1975 τε
676 1907 735 1993 γάρ
751 1910 876 1992 Καῖσαρ
899 1912 956 1989 τῆς
977 1908 1145 1992 μοναρχίας
1164 1906 1231 1991 ἀρι-

80 2010 111 2065 15
119 2008 246 2090 γνηθελς
259 2008 424 2095 ἐμφυλίους
434 2010 584 2093 πολέμους
596 2010 672 2098 πρὸς
686 2011 739 2075 τὸν
752 2007 888 2095 Μάγνον
897 2004 1064 2091 Πομπήϊον
1082 2010 1132 2073 καί
1153 2008 1230 2095 πρὸς
1243 2030 1267 2085 Β

117 2109 192 2184 τοάς
210 2107 322 2186 ἀλλους
337 2110 371 2174 ol*
379 2118 433 2193 τῆς
445 2114 620 2198 ἐλευθερίας
637 2112 857 2178 ἀντεποιοῦντο
866 2118 921 2195 τής
932 2118 1066 2189 παλαιάς
1080 2109 1226 2195 συνεστή-

117 2236 207 2292 σατο,
223 2215 273 2275 καὶ
288 2212 445 2300 πράςτοάς
454 2212 616 2291 ἀνελόντας
625 2206 718 2291 αάθις
730 2215 822 2278 αὐτὸν
835 2211 943 2296 ὁμοίας
954 2212 1087 2297 μάχαςὸ
1101 2216 1226 2303 Καῖσαρ

116 2312 135 2379 ὅ
154 2312 338 2398 Αάγουστος
350 2318 400 2379 καλ
415 2312 601 2392 iunctum
614 2315 846 2403 concupisceres,
863 2314 917 2382 τίν’
932 2308 1026 2398 αὖθις
1036 2315 1132 2405 ἀμφω
1149 2318 1228 2406 πρὸς

116 2415 275 2500 ἀλλήλους
294 2409 376 2496 οὗτοι
395 2419 463 2505 περλ
482 2423 538 2502 τῆς
552 2418 717 2506 αὐταρχίας
730 2416 941 2508 διαφερόμενοι
958 2420 1108 2503 πολέμους
1120 2428 1227 2510 βαρεῖς

78 2516 329 2603 λθκεκινήκασιν,
358 2521 578 2608 ἀμφοτέρωθεν
601 2523 632 2587 έν
655 2522 769 2600 πάσαις
791 2532 859 2601 ταῖς
875 2521 992 2607 μάχαις
1013 2525 1228 2611 φθειρομένων

119 2622 289 2709 ὁμογενῶν,
302 2625 467 2690 κάντεῦθεν
481 2632 535 2710 τῆς
543 2621 712 2709 Ῥωμαὶλῆς
726 2628 945 2710 ἐλαττουμένης
957 2624 1124 2709 δυνάμεως.
1176 2628 1228 2691 καί

122 2727 191 2793 οὗθ’
212 2728 244 2791 έν
260 2738 323 2805 τοῖς
339 2727 495 2810 μετέπειτα
512 2727 568 2806 τάς
585 2726 705 2804 στάσεις
722 2725 912 2816 λωφησάσας
928 2729 989 2792 illoc
1006 2753 1052 2803 τις
1069 2727 1117 2790 ἀν.

221 2833 261 2896 El
285 2831 319 2896 δέ
339 2857 385 2908 τις
407 2832 484 2917 πρὸς
500 2831 556 2908 τάς
572 2829 700 2916 ὕστερον
716 2830 872 2910 βασιλείας
888 2829 944 2910 τήν
959 2833 1016 2891 τοῦ
1032 2822 1160 2913 σιδήρου
1176 2829 1229 2891 seul

121 2939 177 2998 τοῦ
193 2932 342 3019 ὀστράκου
361 2932 455 3021 φάσιν
472 2938 660 3020 παραβαλεῖ,
683 2927 803 3019 εὑρήσει
819 2936 863 3014 πή
877 2931 935 3013 μέν
950 2929 1079 3015 ίσχυράν
1095 2927 1152 3014 τήν
1166 2935 1228 2997 τῶν

81 3033 276 3119 λὸῬωμαίων
293 3035 405 3123 ἀρχήν,
430 3043 474 3118 πῆ
491 3037 524 3102 tt
541 3037 732 3102 ἀσθενοῦσαν
748 3036 800 3098 καλ
816 3032 851 3100 τὸ
868 3039 1008 3100 πλεῖστον
1024 3037 1079 3116 τῆς
1094 3038 1228 3112 παλαιᾶς

190 3159 278 3232 Δλιτήν
293 3164 327 3233 Α,
345 3159 394 3219 διά
410 3159 463 3233 τήν
478 3165 546 3220 PW.
626 3153 788 3231 ὂήαμαϊαή
804 3159 839 3214 Α.
920 3159 954 3215 ll
971 3152 1002 3224 έξ
1015 3151 1227 3231 ἀριστοκρατίας

190 3251 233 3287 om
247 3234 280 3293 Α.
371 3233 419 3289 sul
436 3237 475 3302 A,
492 3231 520 3288 εί
534 3228 584 3286 καί
600 3232 668 3288 PW.
754 3232 790 3285 λδ
805 3224 1000 3298 ἀσθενοῦσαν]
1017 3224 1174 3299 ἀμελοῦσαν
1190 3232 1224 3284 0.

122 3337 225 3390 senatui
237 3336 459 3404 admistu,testee,
468 3353 525 3388 cum
538 3335 571 3388 ob
582 3335 711 3387 uilitatem
722 3341 750 3386 et
761 3332 937 3400 bumilitatem,
946 3332 1088 3386 cuiusmodi
1098 3333 1174 3384 limus
1185 3335 1228 3383 est
1285 3354 1289 3362 ·

122 3407 188 3460 unde
198 3413 270 3458 testu
283 3407 437 3472 conficitur,
455 3413 509 3457 tum
527 3406 561 3457 ob
572 3404 707 3456 levitatem
723 3409 751 3454 et
762 3401 939 3454 infirmitatem
955 3401 1065 3456 consilii.
1099 3407 1141 3454 est
1158 3399 1227 3452 enim

122 3474 260 3529 multitudo
274 3475 327 3528 leri
337 3474 481 3539 sententia,
500 3481 528 3526 ot
538 3474 617 3527 facile
628 3473 679 3526 buc
689 3477 768 3542 utque
779 3471 842 3524 illuc
850 3470 1005 3541 impellitur:
1042 3487 1108 3539 uae,
1127 3467 1149 3520 si
1165 3467 1226 3550 quis

122 3545 297 3598 Romanorum
307 3553 413 3598 veteres
424 3543 531 3596 annales
541 3543 663 3608 evolvat,
678 3542 702 3593 ei
713 3539 788 3611 genti
799 3556 844 3593 sae
863 3539 952 3592 issime
964 3540 1018 3592 uoci
1036 3555 1089 3591 usse
1098 3541 1225 3606 reperiet.

223 3614 298 3666 Haec
309 3614 390 3683 igitur
399 3615 521 3666 diversae
532 3613 655 3665 materiae
665 3609 813 3663 mistionem
868 3609 978 3678 primum
987 3608 1027 3661 rei
1037 3606 1158 3677 publicae
1169 3611 1226 3656 sta-

120 3689 175 3735 tum
186 3683 318 3736 referenti
332 3685 359 3736 in
372 3691 481 3736 mentem
500 3682 592 3734 venire
603 3689 713 3750 queunte
731 3679 773 3731 sin
788 3679 958 3748 posteriorem
976 3676 1080 3745 imperii
1097 3674 1226 3727 rationem

122 3758 244 3821 spectes,
264 3769 295 3804 ro
312 3753 415 3822 publicu
427 3769 461 3805 ex
474 3751 642 3804 aristocratia
652 3749 680 3801 in
697 3747 872 3800 monarchiam
882 3754 1041 3800 commutata
1052 3748 1081 3796 et
1097 3743 1131 3796 ab
1142 3742 1224 3812 impe-

121 3821 254 3874 ratoribus
267 3829 408 3892 occupata,
429 3820 508 3874 etiam
524 3827 606 3872 tume
622 3817 797 3870 Romanorum
817 3817 1024 3870 dissensionibus
1040 3811 1134 3866 multas
1150 3820 1224 3865 ortas

122 3905 182 3942 esse
192 3889 353 3944 calamitates
364 3890 552 3961 deprehendas.
571 3905 630 3941 num
641 3894 669 3939 et
677 3887 778 3940 Caesar
788 3886 936 3955 cupiditate
945 3882 1021 3952 regni
1031 3881 1157 3949 impulsus
1167 3881 1224 3934 bel-

122 3960 175 4012 lum
186 3958 264 4012 civile
274 3977 332 4013 cnm
342 3959 464 4029 Pompeio
475 3959 574 4028 Magno
587 3965 614 4010 et
624 3956 737 4009 coeteris
754 3957 880 4024 untiquue
899 3953 1033 4008 libertatis
1043 3950 1225 4002 defensoribus

122 4029 221 4096 gessit,
239 4035 267 4081 et
279 4029 429 4082 CaesarAu
466 4037 549 4082 τουτο
581 4045 615 4080 ue
625 4025 755 4080 Antonius
771 4025 861 4079 itidem
871 4023 966 4076 bellum
977 4020 1035 4072 eius
1045 4017 1227 4072 interfectori·

120 4097 168 4150 bus
180 4096 334 4155 intulerunt.
370 4099 415 4168 qui
446 4097 521 4151 einds
534 4035 608 4150 cislo
618 4095 687 4148 inter
696 4111 771 4163 sese,
781 4101 842 4148 uter
852 4094 922 4146 solus
933 4094 1070 4158 regnaret,
1086 4091 1227 4155 certantes,

121 4167 215 4233 grevia
228 4167 296 4220 bellu
307 4175 460 4235 gesserunt,
479 4166 562 4220 caesis
573 4164 698 4235 utrinque
715 4165 816 4218 civibus
831 4162 858 4214 in
894 4159 994 4225 reeliis,
1013 4162 1042 4210 et
1052 4157 1226 4210 Romanorum

122 4237 223 4290 viribus
233 4235 379 4290 imminutis.
414 4237 490 4287 inuno
501 4251 550 4286 neo
561 4234 683 4306 deinceps
696 4234 830 4303 quievisse
840 4247 853 4282 s
887 4229 982 4279 itiones
994 4227 1096 4281 videas.

226 4305 282 4357 lum
301 4305 325 4356 si
342 4304 407 4358 ferri
426 4309 454 4354 et
469 4307 555 4354 testae
572 4303 723 4371 qualitatem
742 4317 800 4354 oum
816 4295 1006 4366 posterioribus
1027 4295 1117 4367 regnis
1135 4296 1224 4349 conie-

125 4373 343 4442 m‚1s0mmum
361 4373 495 4445 imperium
507 4369 546 4423 ibi
556 4385 661 4442 quoquo
672 4370 766 4441 purtim
783 4369 884 4418 firmem
897 4364 1017 4420 invenies
1025 4366 1124 4439 purtim
1140 4365 1223 4418 iube
