3050 4900
524 205 738 300 munuum
762 232 795 296 v
820 233 873 298 υο.
1171 235 1246 308 455

147 417 253 488 κόλλει
269 419 435 509 διαπρεπὴς
452 419 502 484 καλ
524 415 673 506 Ἡρώδου
691 418 734 484 ὢν
751 415 894 497 παιδικά,
920 421 972 484 καὶ
988 417 1084 506 ίεεροι
1099 426 1160 487 τάν
1176 427 1243 512 περλ
1260 433 1283 488 c

76 523 80 530 ’
145 525 203 592 τὸν
226 524 373 605 βασιλέα,
399 519 441 600 ὡς
461 524 642 608 συνίστορες.
693 519 757 588 εἶτα
781 521 935 609 συνέδρων
956 525 1091 606 καθίσας
1114 521 1130 590 δ
1153 533 1246 607 βασι-

147 625 219 708 λεὺς
232 633 287 710 τῆς
305 622 451 713 Φερώρου
464 625 604 712 γυναικὸς
616 623 775 712 κατηγόρει
787 629 838 691 καὶ
854 625 1023 714 ἀπηρίθμει
1036 627 1134 692 πολλὰ
1145 628 1246 694 αἰτιό-

145 755 248 814 ματα,
273 731 326 794 καδ
349 730 435 806 νίλος
457 729 534 818 πρὸς
556 727 608 794 τδν
633 726 782 816 Φερώραν
805 729 858 794 τὸν
882 727 973 813 λόγον
995 730 1113 818 τρίψας
1132 728 1243 796 “datu'’

117 831 227 918 δὲλεγε
244 828 319 906 “uel
340 835 412 920 πρὶν
435 829 666 898 αάτοκίλευστόν
682 857 715 898 σε
733 833 783 897 διὰ
801 833 948 899 ταῦτατὸ
965 830 1089 919 μόναιον
1106 831 1244 918 ἀποπίμ-

141 942 284 1021 ψασθαι.
334 943 388 1000 νῦν
410 943 484 1022 γοῦν
507 939 533 1001 εί
556 943 611 1018 τῆς
633 938 708 1020 ἐμῆς
731 938 900 1021 συγγενείας
916 937 1072 1024 ἀντιποιῇ,
1100 935 1155 1020 τὴν
1171 939 1240 1019 μετ’

141 1039 240 1124 αὐτῆς
264 1040 434 1121 συμβίωσιν
458 1039 645 1126 παραποῦ.”
699 1035 715 1104 ὃ
742 1041 775 1104 δι’
798 1035 943 1126 πρότερον
959 1047 1067 1106 θανεῖν
1086 1039 1243 1126 αἱρεῖσθαι

139 1141 378 1230 ἀνταπεκρίνατο
410 1140 432 1226 ἢ
466 1145 524 1222 ζών
556 1140 785 1228 ἀπεστερῆσθαι
817 1149 872 1224 τῆς
901 1140 1051 1228 γυναικός.
1102 1145 1243 1210 ἐντεῦθεν

133 1240 287 1333 Ἡρώδης
309 1240 511 1334 Ἀντιπάτρῳ
534 1248 586 1311 καὶ
608 1253 646 1333 τῇ
670 1247 782 1311 ἐκείνου
802 1248 897 1332 μητρί
922 1243 1053 1338 Φερώρρ
1070 1253 1242 1329 συνομιλεῖν

94 1357 132 1411 10
139 1345 346 1434 ἀπηγόρευσεν
362 1346 384 1432 ἢ
399 1357 468 1426 ταῖς
482 1352 599 1434 γυναιξὶ
615 1351 756 1415 συνιέναι.
808 1347 837 1413 οἱ
854 1349 889 1413 δὲ
905 1351 1114 1429 κατετίθεντο,
1132 1347 1243 1437 σννῄε·

136 1475 197 1517 σαν
223 1452 258 1516 δὲ
283 1447 426 1534 ἀλλήλοις
451 1455 502 1516 καὶ
528 1451 739 1533 συνεκώμαζον
762 1441 784 1538 ᾖ
806 1448 922 1539 καιρός.
969 1451 1177 1539 Ἀντίπατρος
1204 1452 1278 1518 ddi)

135 1554 194 1640 τὴν
216 1552 310 1642 ἀργὴν
331 1560 387 1619 τοῦ
408 1556 526 1641 πατρὸς
544 1551 741 1641 ἀφορώμενος
757 1552 869 1642 γράφει
884 1565 948 1632 τοῖς
965 1555 997 1620 ἓν
1009 1552 1111 1641 Ῥώμη
1129 1557 1240 1644 φίλοις,

134 1657 318 1724 ἐπιστέλλειν
346 1654 480 1744 Ἡρώδῃ
507 1658 638 1723 στίλλειν
662 1657 739 1744 πρδς
765 1661 911 1744 Καίσαρα
937 1657 990 1724 τόν
1020 1657 1240 1746 Ἀντίπατρον.

135 1759 285 1842 πέμπεται
300 1767 375 1846 γοῦν
392 1763 434 1837 είς
446 1757 565 1845 Ῥώμην
581 1759 660 1844 paul
677 1759 785 1849 δώρων
807 1760 1033 1849 Ἀντίπατρος,
1060 1761 1162 1849 φίρων
1187 1763 1241 1826 καὶ

90 1865 126 1921 15
136 1860 292 1945 διαθήκην
319 1860 470 1948 Ἡρώδου
501 1863 586 1952 αὐτῷ
609 1864 665 1948 τὴν
689 1865 786 1952 ἀρχὴν
812 1866 975 1942 διδοῦσαν,
1011 1867 1037 1926 εἰ
1059 1865 1094 1927 δὲ
1120 1860 1240 1949 φθάσει

132 1962 260 2043 θανών,
295 1961 430 2050 Ἡρώδη
462 1973 507 2054 τῷ
543 1969 576 2033 ἐκ
610 1973 669 2052 τῆς,
701 1965 864 2055 ἀρχιερίως
894 1963 1042 2052 γενομένην
1071 1961 1236 2051 θυγατρός.
1254 1977 1288 2032 W
1306 1975 1322 2030 1
1339 1975 1390 2032 182

135 2065 288 2155 Φερώραν
310 2067 361 2147 δέ,
385 2067 430 2150 μὴ
454 2067 582 2154 ἀφιέντα
603 2071 660 2154 τὴν
682 2081 826 2157 γυναῖκα,
853 2069 1018 2155 ἀναχωρεῖν
1040 2067 1198 2132 ἐπέταττεν
1220 2065 1237 2133 δ

127 2167 292 2258 Ἡρώδης.
342 2171 393 2234 καὶ
416 2167 452 2246 ἀς
474 2171 523 2236 tut
544 2171 601 2253 τὴν
615 2174 795 2258 τετραρχίαν
812 2172 944 2261 ἀπῆρεν,
971 2166 1088 2254 ὀμόσας
1105 2170 1142 2234 οά
1158 2165 1236 2256 πρό-

130 2296 221 2360 τερον
242 2272 324 2355 ἥξειν
339 2271 361 2357 ἢ
377 2269 508 2338 πόθοιτο
525 2278 701 2354 τελευτῆσαι
717 2273 770 2339 τὸν
788 2271 931 2363 ἀδελφόν.
982 2271 1059 2340 ὥστε
1076 2273 1127 2338 καί
1143 2271 1236 2356 νοσή-

86 2385 244 2453 λοσανιος
265 2380 323 2440 τοῦ
343 2375 494 2460 βασιλέως
515 2378 641 2459 κληθεὶς
663 2375 720 2459 οάχ
734 2373 906 2463 ὑπήκουσεν
911 2425 922 2458 ,
946 2381 998 2442 ἰ’να
1013 2378 1057 2461 μὴ
1075 2377 1233 2465 παραβαίη
1249 2385 1272 2441 1³
1288 2386 1304 2439 1
1320 2385 1372 2440 255

131 2477 186 2546 τόν
212 2475 313 2566 ὅρκον.
358 2474 510 2567 Ἡρώδης
533 2479 567 2544 δ’
591 2478 718 2568 ὕστερον
736 2478 870 2569 Φερώρα
886 2476 1072 2566 νοσήσαντος
1087 2469 1141 2565 ἧκε
1157 2478 1235 2566 πρὸς

129 2582 243 2649 ἐκεῖνον
263 2578 465 2666 αὐτόκλητος,
488 2584 539 2648 καὶ
556 2580 695 2650 θανόντα
710 2583 859 2669 ἐτίμησεν.

197 2785 364 2870 ῦάπινιοιῇ
378 2794 535 2863 συγγενείας
551 2794 584 2846 A.
698 2786 903 2856 Βάπικρίνατο
920 2788 954 2840 A.
1069 2781 1232 2855 ἀποστερεῖ-

196 2860 268 2915 σθαι
282 2860 317 2916 Δ.
421 2864 455 2917 16
471 2858 592 2930 θυγατρί
609 2852 762 2927 γενομένῳ·
780 2852 894 2923 φιρώρα
911 2850 943 2907 dl
961 2854 993 2908 A.

122 3050 212 3103 forma
227 3044 342 3099 Herodia
358 3045 471 3102 amacina
487 3048 568 3166 ευριπ
583 3042 629 3097 alii
645 3040 713 3125 regii
728 3045 853 3113 tanquam
870 3038 1134 3093 arcanorumoonacit
1146 3039 1230 3093 lnter·

122 3116 191 3170 secti
213 3121 285 3169 aunt.
319 3115 415 3169 deinde
430 3133 479 3170 rex
493 3116 521 3167 in
540 3115 591 3166 icto
609 3112 717 3165 concutio
733 3111 869 3165 Pherorae
886 3108 1020 3179 coniugem
1037 3106 1125 3161 multia
1143 3109 1228 3162 crimi-

123 3185 203 3241 nibus
227 3184 255 3238 in
276 3185 389 3239 medium
411 3184 530 3239 adductio
548 3180 696 3247 accusavit,
722 3196 754 3232 ac
770 3180 883 3249 denique
900 3179 1017 3231 oratione
1035 3176 1068 3230 ad
1084 3178 1227 3231 Pheroram

121 3271 254 3308 conversa
268 3246 329 3305 “hia
345 3255 378 3307 de
395 3247 502 3307 causia''
518 3253 604 3321 inquit
616 3246 787 3302 “muliercula
802 3248 903 3315 pridem
917 3248 986 3300 ultro
1001 3247 1052 3299 tibi
1065 3246 1227 3317 repudianda

121 3324 186 3377 fuit.
222 3334 253 3376 at
273 3338 343 3375 nunc
366 3322 458 3375 saltem
481 3321 504 3374 ai
523 3324 609 3374 frater
631 3336 704 3372 meua
726 3316 862 3389 perhiberi
883 3316 973 3388 cupio,
998 3316 1067 3369 illius
1085 3322 1227 3367 consuetu·

121 3392 210 3447 dinen
233 3384 352 3445 vitato.”
384 3391 431 3444 illa
455 3407 519 3444 vero
542 3406 571 3442 ae
594 3395 700 3441 mortem
717 3394 873 3457 praeoptare
889 3387 979 3455 potina
993 3384 1132 3455 respondit
1147 3398 1226 3451 quam

121 3467 156 3516 ut
171 3460 265 3515 vivens
281 3477 388 3514 uxorem
405 3459 520 3514 deserat.
553 3476 585 3511 ex
602 3475 633 3510 eo
649 3457 771 3510 Herodes
786 3456 926 3525 Antipatro
943 3462 971 3507 et
987 3453 1064 3507 matri
1080 3452 1138 3505 eiua
1154 3452 1223 3503 Phe-

119 3546 202 3585 torae
225 3529 452 3596 contuetudiuem,
478 3535 507 3581 et
528 3528 679 3581 mulieribus
702 3544 736 3579 ne
756 3526 827 3579 inter
843 3542 873 3577 aa
889 3525 1058 3577 convenirent
1075 3520 1222 3574 interdixit.

142 3599 172 3652 ui
196 3599 249 3652 etai
271 3599 299 3651 id
323 3599 524 3668 pollicerentur,
550 3605 637 3649 tamen
655 3613 704 3667 per
721 3602 824 3664 tempus
840 3594 1006 3647 comissatum
1023 3590 1222 3644 conveniebant.

120 3618 264 3737 ineptior
279 3684 343 3720 vero
359 3669 446 3736 patria
461 3668 527 3720 iram
544 3673 677 3730 metuens,
700 3666 734 3717 ab
751 3662 840 3716 amicis
856 3664 925 3732 petit
942 3670 971 3715 ut
987 3657 1089 3713 Herodi
1104 3658 1223 3711 scribant

120 3744 156 3790 ut
178 3754 208 3789 ae
230 3736 340 3789 Romam
361 3737 459 3789 mittat.
494 3734 533 3788 ita
554 3741 632 3809 poter
654 3750 713 3787 auru
736 3750 793 3785 cnm
815 3732 966 3785 muneribus
982 3730 1010 3782 in
1026 3730 1115 3781 urbem
1132 3727 1219 3793 mittit,

120 3808 307 3859 tentamentum
328 3804 457 3858 ferentem
480 3819 532 3873 quo
555 3804 580 3857 ei
601 3820 710 3873 reguum
729 3804 882 3872 legabatur:
908 3803 950 3855 sin
966 3798 1019 3869 ipsi
1036 3797 1133 3867 aliquid
1151 3796 1221 3849 acci·

121 3870 221 3938 diasat,
245 3873 347 3927 Herodi
369 3890 402 3927 ax
423 3870 479 3926 filia
500 3873 635 3943 pontificia
657 3873 757 3943 genito.
790 3871 946 3935 Pheroram,
972 3883 1029 3920 cum
1045 3882 1150 3919 uxorem
1166 3880 1220 3917 non

121 3940 293 4013 repudiaret,
317 3940 453 3995 discedere
476 3942 561 3996 iussit.
597 3944 620 3995 ia
643 3959 707 3995 vero
730 3958 787 3993 curn
805 3940 832 3992 iu
848 3936 1017 3993 tetrarchiam
1034 3952 1105 3988 auam
1124 3934 1217 3995 abiret,

122 4009 222 4064 iuravit
246 4029 277 4066 ae
301 4018 364 4065 ante
386 4010 502 4065 auditum
523 4012 615 4065 fratria
638 4011 736 4064 obitum
755 4008 857 4062 roverti
874 4008 951 4061 nolle.
985 4005 1053 4057 unde
1072 4006 1171 4058 iactum
1188 4008 1219 4053 ut

122 4096 173 4133 nee
187 4096 253 4150 rege
270 4084 426 4151 aegrotante
441 4082 582 4135 orceaaitua
597 4080 714 4148 venerit,
732 4097 766 4133 ne
781 4077 958 4131 iusiurandum
973 4074 1097 4127 violaret.
1131 4072 1218 4124 Hero-

121 4149 173 4274 ρρρ
188 4167 253 4205 vero
270 4157 366 4223 postea
379 4150 524 4205 Pheroram
540 4156 720 4221 aegrotantem
736 4150 807 4203 ultro
821 4145 913 4201 inrisit
929 4151 959 4198 et
974 4148 1076 4197 mortuo
1094 4142 1218 4194 honorem

174 4218 225 4276 nit.
