3050 4900
363 994 1096 1086 LECTORI.

627 1256 823 1271 m

170 1421 348 1529 Eiusmodi
373 1476 444 1529 sunt
470 1465 523 1549 qui
549 1468 722 1547 generalem
750 1456 928 1549 praesertim
953 1477 1090 1549 spactant
1111 1470 1275 1551 historiam,

170 1550 427 1633 quemadmodum
456 1562 527 1613 snnt
555 1556 691 1613 Zonarae
720 1572 795 1635 quos
822 1551 914 1614 modo
938 1552 1109 1614 recudimus
1129 1559 1276 1633 Annales,

169 1650 204 1697 ut
224 1640 387 1701 fruioribus
406 1636 552 1699 illustrari
573 1640 795 1699 commentariis
815 1640 941 1705 rr'rinime
962 1637 1107 1717 debeant,
1129 1660 1200 1700 cum
1220 1645 1276 1725 qui

167 1720 202 1782 id
222 1724 396 1786 faciendum
416 1726 475 1786 sibi
490 1732 685 1807 proponeret,
706 1724 863 1785 inutilibus
877 1726 977 1807 potius
993 1744 1029 1785 ac
1043 1728 1276 1807 supervacaneis

167 1808 313 1870 lectorem
338 1810 480 1891 fatigaret
506 1810 763 1870 observationibus
792 1828 885 1890 quarn
910 1810 1014 1870 labore
1040 1811 1147 1892 quovis
1168 1812 1275 1873 suble·

166 1905 261 1955 naret.
303 1916 340 1955 ea
362 1897 475 1978 qnippe
496 1905 542 1956 est
561 1896 731 1977 scriptionis
750 1895 838 1955 istius
856 1896 950 1971 ratio,
970 1904 1006 1954 nt
1021 1912 1100 1975 quae
1114 1914 1155 1954 ex
1169 1906 1275 1957 aucto·

166 1979 250 2041 ribus
279 1976 497 2061 decerpuntur,
530 1983 717 2061 attingantur
741 1980 891 2041 duntaxat
914 1999 971 2038 nec
990 1979 1118 2062 pleniori
1139 1980 1274 2043 emtione

34 2108 40 2121 .
166 2065 403 2125 conscribantur.
445 2065 587 2125 continua
605 2076 760 2145 gestorum
780 2066 871 2126 series
894 2074 925 2124 et
944 2062 1113 2125 secundum
1131 2067 1274 2128 certiores

164 2160 338 2231 temporum
364 2158 454 2212 notas
483 2146 600 2229 digesta
626 2150 660 2208 in
685 2152 748 2211 illis
769 2148 935 2211 attenditur
953 2152 1163 2233 polissimum,
1195 2149 1273 2213 adeo

164 2244 199 2295 ut
224 2236 306 2315 ipsas
333 2234 489 2300 consulere
513 2234 645 2313 origines
665 2253 790 2295 necesse
808 2234 918 2295 haheat
939 2236 993 2317 qui
1011 2236 1192 2315 prolixiores
1213 2256 1272 2297 ex-

163 2322 284 2401 petierit
309 2320 512 2395 narrationes,
543 2338 615 2377 com
642 2338 747 2379 eorum
770 2322 824 2400 qui
846 2318 981 2381 condunt
1000 2322 1134 2381 Annales
1152 2322 1273 2399 proeci-

162 2424 260 2488 puum
291 2408 332 2468 sit
362 2404 522 2466 consilium
554 2412 589 2464 nt
618 2404 783 2466 universali
811 2404 943 2488 quadarn
971 2424 1072 2466 rerum
1099 2406 1272 2486 cognitione

162 2491 284 2552 lectoris
318 2493 456 2552 animum
484 2491 659 2550 informent.
700 2492 744 2549 ita
765 2494 901 2552 Zonarae
921 2489 1000 2550 illud
1019 2492 1053 2550 in
1073 2493 1180 2571 primia
1200 2493 1270 2569 fuit,

162 2585 197 2636 ut
217 2585 298 2636 recte
317 2577 350 2636 in
369 2577 560 2636 Praefationa
578 2577 620 2634 ait
635 2575 785 2652 Wolfius,
809 2574 941 2636 “certam
958 2574 1111 2658 quandam
1125 2573 1269 2636 historiae

159 2657 1269 2823 liziidllilifflii‘tldiffinirltiztlssi·

159 2833 261 2912 gandi.
304 2832 417 2912 delegit
439 2768 602 2890 enimpribi
621 2847 684 2887 non
705 2829 843 2884 omniurn
863 2823 919 2885 sed
938 2827 1169 2907 praecipuarum
1188 2847 1268 2908 gen-

157 2919 238 2976 tium
256 2915 414 2990 historias,
436 2931 536 2994 neque
558 2930 609 2970 ars
631 2927 751 2986 omnes,
774 2908 829 2970 sed
848 2910 899 2971 vel
917 2912 1094 2992 praecipuas
1117 2910 1267 2975 duntaxat

158 3003 211 3059 vel
240 3018 290 3059 eas
320 3018 398 3081 quae
428 2994 468 3055 ad
496 2997 640 3056 ecclesiae
666 2997 778 3055 seriem
797 2993 1038 3076 perspiciendam
1058 2997 1158 3058 facere
1178 2997 1267 3059 vide-

158 3077 298 3146 bantur.''
335 3086 368 3142 iu
395 3079 453 3141 hac
478 3083 571 3164 igitur
590 3089 635 3141 tot
655 3090 821 3142 eventuum
841 3092 932 3164 atqua
952 3101 1053 3140 rerum
1074 3075 1264 3164 expdsitione

158 3189 251 3252 quam
272 3169 405 3232 Annales
426 3169 680 3250 complectuntur,
701 3169 755 3249 qui
775 3165 883 3228 mnndi
902 3165 1067 3248 primordia
1085 3171 1263 3254 veterisque

156 3253 300 3317 Foederis
331 3253 490 3333 historias,
521 3272 600 3335 quae
631 3271 672 3312 ex
703 3255 796 3314 sacris
824 3252 910 3314 libris
942 3261 974 3312 et
1001 3273 1043 3314 ex
1070 3253 1199 3338 losepho
1225 3275 1264 3316 aa

156 3342 287 3419 Georgio
308 3339 468 3420 Syncello,
490 3346 542 3398 aut
562 3357 610 3399 rer
630 3337 828 3398 Graecanicae
845 3339 894 3397 vel
910 3339 1001 3398 etiarn
1015 3342 1183 3417 Romanas,
1205 3360 1262 3402 seu

156 3427 202 3488 rei
229 3427 368 3508 publicae
397 3444 453 3485 eeu
479 3425 601 3505 imperii
625 3433 762 3506 tempora
788 3434 973 3505 spectentur,
1005 3425 1260 3506 exscriptoribus

155 3511 247 3572 refert
273 3514 425 3586 Zonaras,
454 3529 526 3570 cum
552 3511 591 3570 iis
619 3509 754 3570 conferre
781 3511 876 3569 vellet
899 3528 934 3569 ao
957 3528 1062 3569 eorum
1082 3514 1260 3571 auctoritate

155 3597 275 3657 firmare
303 3597 357 3678 qui
383 3597 518 3674 singular
546 3613 588 3656 ex
613 3593 748 3676 professo
768 3605 1001 3682 pertractarant,
1032 3596 1084 3656 vel
1103 3613 1181 3678 qnae
1203 3597 1259 3655 ille

156 3681 194 3744 de
222 3680 372 3742 industria
400 3683 501 3742 omisit
529 3681 650 3759 afferre,
682 3679 744 3742 duo
774 3683 885 3762 pariter
912 3682 1025 3740 subiret
1052 3679 1257 3758 incommode,

154 3779 188 3828 ut
216 3773 248 3828 et
272 3768 404 3827 nimium
429 3765 541 3827 diceret
567 3785 625 3826 nec
649 3775 880 3842 ramentorum,
910 3777 945 3826 nt
963 3767 1139 3842 Quintiliani
1155 3768 1256 3828 verbis

153 3863 232 3914 utar.
273 3851 432 3913 fatendum
461 3864 564 3913 tamen
595 3870 750 3913 occurrere
775 3852 929 3913 interdum
947 3853 981 3911 in
1001 3853 1039 3912 iis
1059 3855 1157 3912 multa
1177 3871 1256 3934 quae

153 3940 256 4000 critice
278 3935 436 4018 indigeant
454 3957 564 4015 manu,
596 3956 667 3997 cum
686 3939 720 3998 in
739 3939 806 4019 ipra
825 3936 968 3999 videlicet
985 3941 1170 4013 narratione,
1201 3947 1255 3997 aut

153 4026 186 4084 in
221 4043 417 4104 personarum
450 4025 502 4086 vel
535 4026 671 4085 locorum
706 4024 957 4100 nomenclaturis,
990 4032 1081 4104 atque
1112 4011 1189 4083 ederi
1218 4025 1253 4082 in

151 4110 241 4170 factis
268 4111 341 4192 ipris
369 4129 387 4168 a
415 4110 478 4170 suis
506 4107 664 4171 discedunt
690 4109 889 4184 authenticis,
920 4106 958 4168 de
979 4109 1088 4189 quibus
1107 4110 1253 4170 lectorem

151 4196 276 4255 interest
305 4191 479 4258 admonere.
519 4197 667 4256 nonnulla
697 4205 768 4256 sunt
796 4205 949 4276 praeterea
974 4213 1052 4276 quae
1075 4196 1152 4254 loclr
1175 4214 1253 4254 exo·

151 4282 218 4344 ticis
249 4290 376 4362 possunt
405 4278 559 4360 adornari,
591 4301 661 4344 cum
690 4282 796 4342 lumen
827 4280 886 4342 ribi
914 4279 1046 4344 invicem
1072 4280 1252 4364 plenumque
