3050 4900
424 310 428 321 '
505 330 719 399 ANNstnui
743 332 795 399 ΠΙ
817 334 869 401 lo.
1167 342 1240 413 για

135 542 187 583 ται
211 512 274 603 ίτη.
321 514 454 605 Ἔβραίηι
479 516 513 583 δέ
536 524 582 607 τῷ
603 518 724 603 Δανιὴλ
747 518 764 585 ὃ
787 518 914 609 ἅγγελος
935 519 1051 607 δμιλῶν
1065 522 1187 606 νιιίντως
1202 532 1241 597 εδ

136 622 223 709 αύτῷ
253 617 391 708 γνιύριμα
420 619 518 707 ἔλεγεν
550 620 613 705 ίτη.
663 624 735 711 ίίχρι
760 626 817 708 μὲν
842 616 898 691 onir
923 634 978 710 τῆς
999 632 1056 693 τού
1078 630 1241 718 ἀρχιερέως

132 722 286 809 Ὑρκανοῦ
307 722 504 810 δναιρίσεως,
530 722 565 791 δν
581 722 599 792 ὃ
615 727 758 809 βασιλεύς
776 728 893 793 ἀνεῖλεν
904 725 1049 815 Ἦριύδης
1069 734 1085 816 (
1091 732 1242 819 εἰρήσεται

138 828 172 891 δὲ
194 826 234 891 td
258 830 325 911 περὶ
347 825 455 895 τούτου
478 826 701 915 πλατύτερον),
727 832 758 895 αἱ
776 830 977 915 ἑξηκονταδύο
994 831 1162 917 ἕβδομοίδες
1178 840 1280 916 tta-s

111 927 346 1016 ὁμετρήθησαν.
398 930 496 997 ίκτστε
520 934 553 997 di
575 941 630 1015 τῆς
652 933 876 1021 ἀρχιερωσύνης
897 935 934 1001 ού
952 936 1004 1003 διὰ
1019 941 1092 1018 βίου
1106 966 1241 1024 προσπε·

134 1035 266 1117 πηγαίοις
281 1034 359 1099 κατὰ
375 1032 428 1099 τδν
444 1032 537 1117 νόμον
553 1046 617 1113 τοῖς
633 1036 746 1119 ταύτης
763 1038 949 1121 ἀξιουμένοις
966 1042 1035 1104 ἀλλ’
1055 1044 1240 1122 ίνιαυσιαίας

133 1135 320 1220 παρανόμως
347 1138 506 1221 διδομένης
528 1136 548 1221 ἢ
574 1142 753 1227 βραχοτίρῳ
777 1140 880 1229 χρόνῳ
904 1139 1161 1229 αεριυριζομίνης,
1186 1151 1239 1222 καί

130 1238 297 1325 χρημάτων
323 1240 418 1325 αὐτὴν
441 1240 616 1323 ὠνονμίνων
640 1250 700 1309 τῶν
722 1247 934 1326 βουλομίνων,
960 1244 1044 1311 duel
1063 1244 1079 1312 ὃ
1095 1247 1241 1333 Ἰιύσηπος

133 1342 261 1429 ἱστορεῖ,
298 1343 331 1407 ni
358 1341 434 1407 ἑπτὰ
459 1344 663 1430 παρήλθοσαν
688 1345 868 1428 ἔβδομιίδες.
919 1356 1009 1415 τοῦτο
1036 1352 1068 1417 δι’
1095 1355 1196 1436 δηλῶν
1221 1352 1238 1419 ὅ

92 1458 128 1510 10
135 1452 220 1521 θεῖος
237 1444 422 1533 ἀρχάγγελος
438 1446 517 1532 ἔλεγε
538 1444 612 1513 “uod
628 1450 706 1531 μετὰ
723 1451 780 1527 τὰς
795 1447 972 1532 ἑβδομάδας
994 1450 1050 1529 τὰς
1075 1452 1238 1539 ἑξηκοντα-

135 1546 193 1613 δύο
217 1547 508 1635 {tatonem-ttetzae
528 1560 648 1635 χρίσμα
655 1600 667 1632 ,
693 1556 743 1617 καί
768 1557 863 1641 κρίμα
886 1555 942 1620 οὐκ
966 1556 1045 1621 ἔστιν
1068 1558 1101 1623 έν
1124 1558 1236 1649 stirpi?

133 1650 201 1717 ἄντί
224 1659 296 1731 τοῦ,
318 1651 565 1739 διαφθαρήσεται
588 1655 621 1721 τὸ
640 1665 760 1741 χρῖσμα
781 1666 837 1741 τῆς
852 1656 1086 1745 ἀρχιερωσύνης.
1135 1688 1239 1749 παρα-

131 1750 233 1835 νύμως
254 1756 313 1843 γὰρ
330 1758 499 1841 χρωμένων
519 1763 580 1823 τῶν
606 1760 647 1835 είς
671 1758 767 1841 αύτὴν
786 1763 1072 1846 προβιβαζομένων,
1104 1766 1177 1831 οὐδὲ
1200 1764 1237 1831 td

130 1867 250 1943 χρῖσμα
270 1858 326 1941 τὴν
339 1862 451 1925 οἰκείαν
466 1858 540 1945 εἶχεν
560 1858 666 1945 ίσχύν,
689 1862 769 1927 ἀλλὰ
785 1865 1045 1949 παρεφθαρμίνον
1066 1864 1102 1928 δν
1119 1866 1240 1953 ἢμοίρει

91 1968 125 2025 15
133 1967 187 2043 τῆς
211 1963 300 2039 θείας
320 1960 455 2047 χάριτος.
508 1964 555 2029 διδ
580 1968 631 2031 καλ
652 1964 782 2051 ίπήγαγε
805 1962 881 2029 “sul
904 1966 1000 2049 κρίμα
1026 1964 1082 2030 otis
1103 1966 1185 2035 έστιν
1204 1964 1277 2036 tr'c

132 2062 217 2151 αύτῷ
222 2064 255 2143 ,”
283 2067 454 2144 τουτέστιν,
470 2065 505 2131 ού
519 2068 598 2134 κατὰ
612 2070 710 2155 κρίσιν
723 2072 775 2133 καὶ
792 2070 974 2151 δοκιμασίαν
990 2065 1139 2153 γινόμενοι
1152 2068 1238 2137 ἴσον·

130 2191 199 2245 ται,
225 2166 296 2231 ἀλλ’
328 2166 559 2254 ιἰκρίτωςῆδιδ
571 2166 698 2255 χάρινῆ
715 2170 767 2233 διὰ
778 2169 936 2253 χρήματα.
985 2168 1156 2239 τούτωνδ’
1182 2173 1238 2241 ού-

128 2294 174 2334 τω
189 2270 352 2353 γινομένων
367 2272 417 2335 καί
435 2270 467 2335 αλ
488 2267 564 2333 e‘md
577 2268 793 2356 παριρρύησαν
808 2269 996 2356 ἓβδομιίδες,
1015 2276 1103 2361 μέχρι
1115 2284 1170 2357 τῆς
1181 2284 1238 2346 τοῦ

129 2373 238 2456 κυρίου
252 2373 426 2460 ἐπιφανείας
441 2371 560 2456 δηλαδὴ
576 2374 783 2459 διαρκέσασαι.
1050 2384 1056 2397 ’

87 2486 122 2541 λθ
232 2471 281 2538 ‘H
290 2475 347 2558 μέν
365 2467 418 2540 οὖν
435 2475 578 2560 διαίρεσις
593 2481 655 2542 τῶν
672 2473 872 2560 ἑξηκονταδύο
895 2473 1076 2560 ἑβδομάδων
1099 2483 1151 2545 καὶ
1174 2488 1236 2548 τῶν

130 2573 207 2642 ἔπτὰ
233 2579 286 2642 διὰ
303 2583 400 2645 ταῦτα
424 2579 555 2662 γέγονεν·
581 2579 643 2645 insi
667 2581 701 2644 δὲ
726 2578 803 2664 πρὸς
823 2580 881 2656 τδς
903 2582 936 2658 ίξ
958 2582 1056 2666 ἀρχῆς
1078 2583 1237 2666 εἰρημένας

130 2677 339 2764 ἑβδομήκοντα
356 2678 533 2762 ἑβδομάδας
548 2679 591 2746 έτι
614 2683 671 2765 μία
693 2683 932 2770 περιλέλειπται,
958 2686 1009 2748 καὶ
1032 2686 1102 2763 περλ
1125 2686 1236 2766 ἐκείνης

132 2783 245 2870 είρηκεν
261 2780 278 2850 ὃ
296 2781 480 2870 δρχύγγελος
496 2792 594 2850 ταῦτα
613 2781 687 2850 ι’καὶ
704 2783 878 2866 δυναμιύσει
899 2782 956 2869 τὴν
982 2779 1137 2864 διαθήκην
1160 2790 1237 2848 πολ·

198 2940 338 3000 tantm
353 2944 386 3000 Δ.
489 2944 525 2998 λλ
540 2943 592 3014 μία
608 2941 649 3012 Α,
662 2941 714 3014 μία
730 2935 815 3010 tour}
829 2940 917 2996 ΡΜ

131 3080 329 3135 Hebraicoruru.
364 3081 424 3148 qaia
448 3097 515 3134 vero
540 3097 597 3134 cara
619 3079 728 3133 Daniele
750 3077 875 3132 Hebraeo
897 3075 1094 3147 colloquebatur
1115 3081 1233 3153 angelus,

131 3167 212 3204 aanor
237 3151 333 3220 utique
351 3149 388 3203 illi
405 3157 482 3204 notos
498 3151 652 3204 nominarit.
704 3147 796 3202 roiude
812 3163 897 3214 usque
912 3146 947 3199 ad
961 3147 1097 3206 interitura
1112 3151 1235 3221 Hyrcani

131 3219 276 3290 pontificis,
302 3236 377 3288 quern
402 3237 450 3272 rex
472 3219 591 3274 Herodes
615 3167 722 3274 suetudit
748 3219 822 3287 (qua
845 3217 878 3268 de
900 3233 931 3270 re
953 3216 1084 3288 copiosius
1105 3224 1236 3290 egendum

130 3288 215 3356 erit),
245 3289 383 3360 sexaginta
408 3289 476 3342 duae
498 3288 673 3342 hebdomades
690 3296 752 3342 auat
770 3285 899 3354 expletae.
940 3287 974 3338 ab
992 3304 1023 3340 oo
1040 3295 1159 3358 ternpore
1176 3306 1235 3342 cuna

129 3355 301 3429 pontificatus
325 3375 377 3410 non
401 3375 450 3428 por
476 3374 574 3410 omnem
599 3365 713 3412 aetatem
737 3355 764 3407 ei
786 3359 906 3407 maneret
930 3355 973 3408 cui
997 3355 1159 3428 contigerat,
1185 3357 1234 3411 sed

129 3443 216 3480 annuo
234 3435 280 3481 aut
298 3427 377 3480 otissa
389 3426 511 3478 breviore
524 3426 609 3496 spatio
631 3437 724 3480 contra
737 3422 861 3476 instituta
872 3423 995 3476 maiorum
1006 3425 1235 3482 circumscribere-

129 3503 186 3564 tur,
207 3503 235 3548 et
246 3495 357 3567 pecunia
367 3495 477 3548 cuilibet
493 3495 594 3548 venalis
612 3503 697 3561 εοεαε,
714 3493 743 3546 id
754 3491 825 3561 qnod
836 3510 853 3549 a
863 3491 973 3562 Iosepho
985 3495 1114 3561 refertur,
1132 3505 1234 3565 septena

128 3565 323 3634 praeterierant
334 3564 516 3618 hebdomades.
550 3566 619 3632 quod
632 3563 738 3618 divim
751 3560 923 3630 archangelus
933 3563 973 3615 his
985 3564 1077 3616 verbis
1087 3563 1174 3616 innuit
1184 3557 1235 3617 “et

127 3643 189 3704 post
208 3631 380 3686 hebdomades
399 3633 537 3702 sexaginta
549 3633 614 3686 duaa
624 3631 816 3700 exstirpabitur
834 3630 938 3697 unctio,
956 3647 1006 3684 uec
1023 3633 1137 3684 futurum
1152 3633 1234 3688 estin

127 3721 159 3756 oa
172 3695 334 3767 iudicium‚”
355 3701 405 3756 hoc
414 3711 473 3768 est,
485 3701 574 3754 unctio
586 3701 755 3772 pontificatus
766 3699 879 3768 peribit,
890 3716 946 3752 curn
957 3700 978 3752 ii
988 3706 1080 3756 contra
1091 3700 1174 3768 legens
1185 3717 1235 3755 ua-

124 3779 226 3841 gentur
236 3770 281 3840 qui
292 3771 372 3840 potiti
384 3771 427 3826 illo
439 3771 548 3824 suerint.
585 3788 670 3840 neque
682 3768 747 3822 anim
759 3769 847 3822 unctio
864 3769 916 3822 rim
931 3786 1003 3823 suoru
1020 3768 1168 3837 retinebat,
1186 3770 1233 3824 sed

127 3851 158 3904 ut
170 3845 296 3908 corrupta
306 3838 408 3908 gratiae
420 3841 525 3894 divinae
543 3848 602 3892 erat
621 3856 726 3908 expers.
766 3854 847 3908 quere
858 3836 951 3892 adiicit
967 3835 1092 3890 iudicium
1104 3855 1157 3891 non
1174 3857 1235 3894 esse

126 3910 153 3965 in
168 3925 215 3974 ea,
228 3905 279 3960 boe
290 3917 343 3976 est,
363 3911 432 3964 nullo
445 3909 541 3962 iudicio
556 3909 678 3978 nullaque
689 3905 870 3976 exploratione
882 3907 998 3962 adhibita
1009 3905 1148 3976 pontifices
1158 3925 1235 3962 orea-

126 3992 183 4032 tum
200 3975 250 4040 iri,
268 3977 316 4028 sed
327 3977 394 4030 eitra
405 3977 530 4032 delectum
542 3977 584 4032 vel
601 3978 700 4032 ambitu
713 3977 756 4031 vel
768 3977 868 4048 gratia.
903 3974 963 4033 duna
975 3975 1039 4028 haec
1050 3973 1132 4042 fiunt,
1152 3975 1234 4030 etiam

126 4055 230 4117 septem
241 4045 412 4100 hebdomades
420 4058 481 4101 sunt
491 4047 605 4119 elapsae,
618 4065 675 4100 cum
686 4064 768 4117 usque
780 4046 814 4100 ad
823 4046 924 4100 Christi
934 4043 1074 4097 adventum
1085 4045 1235 4100 durassent.

231 4113 271 4168 Ae
281 4113 377 4168 divisio
390 4117 492 4186 quidem
504 4117 643 4188 sexaginta
654 4118 761 4172 duamur
773 4123 802 4169 et
813 4123 914 4184 septena
926 4110 1113 4167 hebdomadum
1131 4113 1181 4166 hac
1199 4112 1234 4167 de

128 4201 207 4240 cana
218 4183 342 4238 instituta
353 4185 416 4248 esti
429 4203 485 4240 cura
497 4197 582 4242 auteur
594 4187 626 4242 ad
639 4185 792 4256 explendum
807 4199 898 4236 aarum
918 4198 985 4250 quae
1003 4180 1080 4234 initio
1097 4182 1234 4254 expositae

129 4264 189 4306 suut
199 4263 259 4324 sept
312 4254 367 4306 ‘uta
379 4254 564 4308 hebdomadum
577 4273 708 4310 numerum
719 4253 803 4305 adhue
814 4269 867 4305 une
884 4249 1136 4318 reuertendum,
1152 4252 1187 4306 da
1199 4269 1234 4308 ea

130 4338 231 4394 quoquo
250 4341 282 4378 ar
368 4323 425 4379 elus
441 4320 479 4376 sic
498 4321 537 4376 eir.
552 4317 602 4377 “et
614 4321 974 4378 confirmabitteetamentum
985 4319 1073 4376 uultis
1090 4319 1232 4379 bebdoum
