3050 4900
509 311 724 385 ANNE-TUM
746 310 798 381 VI
822 311 874 383 19.
1167 312 1244 386 ⁶27

139 496 340 587 λωφήσαντος
363 500 397 565 δέ
421 488 498 585 πρὸς
519 500 622 588 βραχύ
644 508 701 569 τοῦ
724 496 869 587 θύραθεν
890 500 1043 583 πολέμου,
1067 494 1159 565 πάλιν
1181 512 1249 580 τοῖς

139 603 227 669 ένδον
252 601 272 686 ἢ
299 598 406 680 στάσίς
431 604 576 691 ἠγείρετο.
626 608 679 669 καὶ
704 602 785 691 δυ’λφ
807 604 844 669 τδ
868 602 949 689 ἱερὸν
973 600 991 668 i
1015 601 1162 687 Ἰωάννης
1188 603 1246 669 σύν

120 716 203 783 τοῖς
219 708 365 790 ζηλωταῖς
380 705 561 791 κατασχών,
586 713 706 775 πολλῶν
723 708 962 797 ἀναιρεθέντων,
986 704 1172 795 κατεθάρρει
1188 713 1245 774 τοῦ

138 814 287 891 Σίμωνος.
987 879 990 885 .

111 928 130 981 tr
150 936 154 943 '
236 910 274 979 ‘0
292 914 326 979 δέ
343 914 435 990 Τίτος
452 912 630 995 ἐξομαλίσαι
645 912 810 999 προσέταξε
826 912 861 978 τδ
878 910 938 979 ἀπδ
956 917 1011 977 τοῦ
1024 917 1142 977 σκοποῦ
1151 911 1243 997 μέχρι

136 1023 193 1081 τοῦ
216 1020 332 1099 τείχους
356 1014 520 1101 διάστημα.
570 1018 622 1089 καλ
643 1016 679 1081 τὸ
702 1019 758 1099 μέν
780 1020 908 1103 ἐγίνετο,
930 1015 1097 1093 Ἰουδαίοις
1113 1017 1147 1079 δέ
1164 1014 1244 1081 κατιέ

131 1114 292 1201 Ῥωμαίων
323 1121 430 1207 ἐνέδρα
462 1146 508 1197 τις
540 1116 747 1205 μεμηχάνητο.
798 1121 828 1185 οἱ
854 1120 913 1205 γάρ
940 1116 1156 1205 τολμηρότεροι
1180 1124 1243 1185 τῶν

135 1230 329 1289 στασιαστῶν
362 1223 564 1310 προελθόντες
590 1230 644 1306 τῆς
669 1222 803 1303 πόλεως,
838 1219 881 1299 ὥς
907 1223 1120 1305 ἐκβεβλημένοι
1145 1224 1243 1303 δῆθεν

133 1321 195 1391 riui
221 1333 282 1393 τῶν
306 1326 346 1393 τά
369 1327 503 1411 εέρηνικδι
529 1324 740 1414 φρονούντων,
766 1330 834 1414 περί
858 1323 893 1391 τδ
917 1335 1015 1407 τεῖχος
1036 1318 1116 1409 ἦσαν
1140 1322 1280 1390 erret-B

89 1446 240 1512 1ομενοι·
266 1428 354 1495 ἀλλον
387 1432 421 1495 δὲ
451 1429 575 1507 στάντες
607 1432 655 1495 ἐπὶ
685 1437 742 1497 τοῦ
772 1435 905 1513 τείχους,
931 1424 974 1505 άις
1000 1430 1032 1493 ἐκ
1059 1435 1115 1493 τοῦ
1141 1426 1242 1511 δήμου

129 1529 349 1615 τυγχάνοντες,
376 1530 494 1619 είρήνηυ
517 1532 614 1613 ἐβόων
629 1536 680 1597 καλ
699 1535 800 1612 δεξιδιν
816 1535 963 1620 ᾐτοῦντο,
992 1536 1155 1609 καλοῦντες
1170 1530 1243 1609 τούς

126 1632 299 1716 Ῥωμαίους
323 1632 366 1712 ὥς
390 1637 446 1713 τὰς
469 1634 568 1715 πύλας
591 1635 768 1715 ἀνοίξοντες.
817 1647 881 1714 τοῖς
896 1636 952 1718 μέν
969 1626 1023 1701 σύν
1041 1632 1244 1720 στρατιώταις

134 1738 223 1805 οὐδέν
247 1736 455 1818 ὑπωπτεύετο,
481 1743 531 1805 καί
549 1737 683 1824 ἐχάρουν
699 1744 746 1805 έπί
764 1742 799 1806 τὸ
816 1740 920 1826 ἔργον,
948 1742 1031 1824 Tun
1049 1740 1084 1803 δέ
1101 1737 1144 1804 δι’
1162 1735 1241 1803 sinu-

132 1844 213 1925 φίας
237 1835 274 1924 ἦν
299 1850 355 1925 τῆς
380 1840 563 1927 ἐπικλήσεως
588 1843 622 1909 τδ
648 1843 832 1930 παράλογον.
883 1841 943 1926 πρὸ
959 1848 1034 1921 μιιῖς
1049 1841 1109 1925 γὰρ
1126 1837 1243 1924 ήμίρας

90 1952 125 2011 15
134 1944 188 2009 διά
214 1952 269 2009 τοῦ
292 1943 447 2026 Ἰωσήπου
473 1949 521 2013 ἐπὶ
547 1946 716 2029 συμβάσεις
732 1948 845 2023 αύτούς
861 1941 1125 2031 προκαλούμενος,
1152 1943 1241 2009 οὐδέν

133 2053 324 2135 φρονούντως
340 2047 457 2134 εὕρισκε
474 2050 607 2134 μέτριον.
658 2051 756 2133 μένειν
774 2040 924 2116 οὖνκατὰ
938 2044 1044 2132 χάραν
1057 2047 1129 2124 τούς
1144 2072 1241 2133 στρα-
1271 2092 1277 2096 -

132 2148 246 2227 ταύτας
270 2152 395 2217 ἐκέλευε.
447 2149 637 2237 φθασάντων
662 2155 695 2217 δέ
715 2180 806 2219 τινων
822 2152 898 2239 πρὸς
913 2150 970 2227 τάς
985 2147 1084 2227 πύλας
1101 2152 1240 2237 δραμεῖν,

131 2253 168 2319 τὸ
193 2256 249 2333 μέν
272 2259 393 2339 πρῶτον
410 2253 439 2319 οδ
457 2256 664 2336 ἐκβεβλῆσθαι
687 2258 846 2332 δοκοῦντες
861 2252 1048 2339 ἀπέφευγον,
1073 2250 1117 2330 ὡς
1134 2254 1168 2317 δέ
1183 2278 1241 2334 με·

132 2356 208 2431 ταξδ
236 2362 297 2421 τῶν
321 2363 376 2439 τῆς
401 2355 516 2434 πόλεως
541 2358 675 2441 ἐγένοντο
703 2355 845 2441 πύργων,
870 2361 992 2435 ἐξέθεον
1017 2358 1069 2422 καὶ
1094 2353 1239 2422 ἐκύνλουν

88 2458 256 2536 θθαάτούς.
307 2464 358 2524 καὶ
384 2460 413 2526 οἱ
438 2463 486 2526 ἐπὶ
509 2468 563 2527 τοῦ
588 2463 703 2544 τείχους
724 2465 799 2545 βέλη
823 2463 893 2528 κατ’
920 2461 1021 2526 αύτιῦν
1040 2461 1170 2547 ἠφίεσαν
1186 2462 1239 2524 καί
1254 2428 1293 2553 ἔ
1309 2426 1324 2482 Ῑ
1340 2430 1394 2486 ²¹⁰

132 2564 242 2640 λίθους
266 2559 421 2646 ἠκόντιζον
446 2567 497 2629 καὶ
521 2564 641 2630 ἀνεῖλον
662 2565 793 2645 συχνούς
816 2571 866 2629 καὶ
890 2566 1011 2639 πλείους
1034 2567 1239 2647 κατέτρωσαν.

132 2668 183 2730 καὶ
208 2665 236 2730 οἱ
257 2667 313 2748 μέν
331 2666 479 2733 Ἰουδαῖοι
495 2669 640 2752 ἐσκίρτων
657 2668 728 2745 τούς
744 2671 879 2750 θυρεούς
895 2668 1098 2744 ἀνασείοντες,
1123 2675 1188 2744 τοῖς
1205 2665 1239 2732 δέ

129 2768 331 2856 στρατιώταις
347 2767 364 2836 δ
384 2775 475 2848 Τίτος
490 2771 602 2856 ήπειλει
621 2775 670 2834 καὶ
689 2771 717 2835 οἳ
734 2770 903 2854 ταξιάρχαι.

200 2931 303 2998 1ιοῦ]
321 2925 353 2982 ιδ
370 2929 403 2984 λ.
539 2929 557 2985 9
573 2924 609 2982 τδ
627 2945 668 2982 οια
685 2929 717 2982 Α.
851 2927 885 2983 15
902 2923 1035 3002 συρβάσει
1050 2927 1089 2982 λε
1108 2925 1238 3000 Iosephus

198 2996 356 3069 συμβάσεις.
536 3025 537 3030 1

129 3137 243 3192 einntur.
280 3140 390 3190 externo
414 3133 482 3188 belin
504 3134 640 3205 paulisper
662 3133 814 3206 quiescente
829 3134 924 3188 seditio
939 3151 1032 3188 renus
1047 3137 1183 3198 exer-iture
1209 3141 1238 3190 et

127 3207 242 3261 Ioannes
266 3223 322 3260 cunr
345 3205 440 3260 zelotis
456 3205 552 3277 templo
569 3206 657 3260 multis
675 3205 758 3259 eaesis
774 3223 823 3276 per
840 3206 928 3258 delum
944 3213 1072 3276 occupato
1090 3205 1191 3259 Simoni
1206 3222 1240 3260 se

128 3293 265 3348 opponere
281 3292 359 3328 susus
376 3283 428 3328 est.

232 3346 299 3399 Durn
323 3351 408 3396 entem
431 3343 611 3410 intervalium,
637 3344 707 3412 qued
726 3362 743 3396 τι
759 3342 925 3412 speculetere
940 3343 975 3396 sd
992 3343 1094 3398 moenis
1110 3343 1237 3413 pertinet,

128 3416 189 3470 Titi
205 3415 280 3468 iussu
296 3419 472 3482 exaequetur,
490 3411 579 3466 iudaei
597 3413 721 3466 Rumnnis
737 3413 847 3464 insidier
859 3420 975 3466 struunt.
1010 3429 1068 3465 nnrn
1081 3413 1237 3466 endeeiores

128 3503 144 3537 s
162 3483 296 3538 seditiosis
313 3484 403 3534 urbern
421 3481 535 3548 egressi,
563 3483 639 3550 qnasi
657 3499 673 3534 a
689 3483 762 3552 pseis
780 3483 906 3535 studiosis
922 3483 999 3534 eiecti
1016 3490 1108 3534 essent
1124 3481 1236 3551 scilieet,

127 3553 203 3608 iuxta
225 3550 326 3606 moenis
347 3551 540 3614 versabuntur3
570 3550 616 3602 eiii
633 3553 660 3604 in
677 3551 813 3604 moenibus
830 3559 933 3604 etentes
948 3550 1024 3621 quusi
1042 3567 1075 3603 ex
1093 3548 1171 3620 plebe
1188 3550 1236 3603 bu·

129 3625 212 3676 mines
237 3639 327 3692 paceni
352 3619 501 3674 eleuabant
521 3629 548 3672 et
570 3619 703 3673 dexteram
726 3621 868 3704 petebant,
891 3621 1077 3688 Romanosque
1093 3620 1235 3688 nocebant,

130 3693 207 3759 quasi
232 3701 325 3760 portus
349 3689 468 3757 aperturi
490 3693 587 3742 essent.
630 3707 662 3742 ee
684 3689 779 3742 rnihtes
804 3690 908 3758 quidem
931 3689 997 3742 nibil
1017 3689 1144 3757 suspicati
1168 3705 1237 3756 opus

130 3758 1137 3898 ttt⁶iti⁸2tfeiittntssiiustitiis*{intimuit
1153 3758 1236 3882 hiiii

129 3897 259 3951 modereti
276 3897 395 3966 responsi
411 3903 560 3966 acceperet.
594 3897 687 3950 milites
703 3897 787 3965 igitur
803 3915 851 3951 suo
868 3898 926 3951 lece
943 3912 1047 3949 munere
1061 3867 1151 3950 iussit'.
1186 3896 1235 3950 sed

130 3982 189 4019 curn
214 3966 320 4036 quidurn
345 3967 378 4018 sd
399 3975 490 4034 portes
508 3966 557 4018 isin
574 3967 783 4035 procurrissent,
809 3967 830 4019 ii
847 3969 892 4036 qui
909 3985 939 4020 se
956 3965 1055 4018 eieetee
1072 3983 1132 4020 esse
1148 3967 1236 4033 finge·

129 4037 196 4088 bant
219 4035 402 4104 refugiebant:
428 4042 456 4088 nt
473 4052 537 4088 vero
556 4036 625 4088 intre
644 4036 716 4088 urbis
734 4046 821 4090 turres
836 4037 874 4090 ilii
890 4040 1084 4105 pervenerant,
1109 4051 1235 4088 excurre-

130 4111 195 4158 runt
211 4122 310 4174 eosque
326 4105 563 4162 circumvenerunt.
598 4104 644 4174 qui
660 4123 724 4158 vero
742 4106 771 4157 in
787 4107 923 4159 moenibus
941 4111 1031 4171 erent,
1052 4104 1105 4156 teln
1124 4110 1153 4158 et
1167 4121 1235 4158 sext

129 4180 225 4227 uentre
248 4191 294 4229 eos
320 4173 465 4227 iaculantes
489 4175 641 4228 oeciderunt
666 4175 775 4240 multos,
801 4176 891 4244 plnres
913 4174 1144 4227 convulnererunt.
1179 4190 1233 4247 que

129 4259 252 4298 enecessu
268 4243 359 4316 iudaei
375 4241 544 4300 exsultabant
560 4251 589 4299 et
603 4249 682 4300 τουτο
698 4246 896 4300 percutiebant:
919 4244 999 4300 Titus
1015 4259 1080 4299 veru
1096 4250 1126 4299 et
1140 4251 1233 4300 uentu·

128 4313 217 4370 rienes
232 4314 325 4370 militm
342 4311 517 4382 eutignbuut·
