3050 4900
262 329 339 401 438
629 325 802 393 locutus
826 323 1023 393 zonam

261 509 486 605 Ἀριστοβοδλρ
505 513 562 597 μίν
583 512 641 598 τὴν
662 509 818 598 Σαλώμης
838 511 997 600 δογατίρα
1018 509 1180 599 Βερνίκην,
1200 507 1361 598 Ἀρχελόου

267 622 302 687 δὲ
326 625 382 686 τοῦ
408 619 625 685 Καππαδοκῶν
649 617 800 701 βασιλέως
825 617 881 700 τὴν
904 619 1002 683 naria
1024 613 1197 704 Γλαφύραν
1218 621 1263 707 τῷ
1281 616 1365 684 Ἀλε-

115 737 151 785 w
169 735 182 788 1
200 733 250 792 175
267 721 397 812 ξόνδριρ.
446 726 486 808 τῇ
509 721 544 787 δὲ
566 720 702 808 Σαλώμῃ
718 727 816 786 ταῦτα
832 719 888 804 τὴν
903 720 980 786 κατὰ
998 725 1058 786 τῶν
1072 720 1238 786 νεανίσκων
1254 721 1366 805 δυσμε-

267 854 349 895 νειαν
371 829 492 909 μᾶλλον
513 821 696 912 ῦπέτρεφεν,
719 824 905 910 οἰκειουμένη
929 827 981 889 καί
1004 819 1119 900 πόντος
1141 819 1268 910 ὅσοιπερ
1290 824 1367 912 οῦτῇ

267 932 321 998 τδν
336 934 392 1010 τῆς
407 927 547 1015 Μαριδμ
562 927 657 1015 φόνον
673 923 949 1015 συνεξειργώσαντο.
1001 924 1146 993 διδόντων
1163 925 1200 992 δέ
1213 952 1299 1004 τινας
1317 930 1391 994 καλό

267 1040 329 1100 τών
351 1033 514 1098 νεανίσκων
536 1030 637 1116 λαβὰς
658 1028 765 1118 μνήμη
788 1055 820 1098 τε
842 1037 897 1115 τῆς
911 1029 1029 1118 μητρός
1044 1033 1095 1096 καλ
1111 1037 1149 1118 τῇ
1166 1037 1223 1096 τοῦ
1238 1027 1367 1116 κρότους

268 1136 437 1226 intricatior,
468 1137 665 1223 βλασφημίαι
688 1136 743 1220 μὲν
769 1133 887 1200 ἐκείνων
913 1138 954 1212 είς
976 1133 1033 1218 τὴν
1058 1129 1215 1218 Σαλώμην
1238 1137 1291 1200 καί
1316 1133 1370 1201 τδν

272 1237 422 1327 Φερώραν
438 1237 586 1324 ίγίνοντο,
610 1238 688 1326 πρός
703 1239 831 1316 ἔκείνοῦς
847 1241 867 1303 δ
870 1237 880 1266 ²
897 1235 918 1324 ἦ
935 1236 1051 1304 τούτων
1066 1233 1214 1321 ίαηῦξητο
1231 1235 1371 1317 δῦσνοια,

270 1346 322 1407 καὶ
349 1343 490 1421 διαβολαὶ
515 1337 680 1426 κακοήθεις
704 1340 774 1407 κατ’
802 1341 902 1407 cirris
927 1339 1130 1426 προῦβαινον,
1163 1341 1240 1426 παρ’
1267 1341 1371 1407 αῦτιῦν

136 1451 156 1502 Ρ
173 1451 187 1504 1
203 1451 255 1506 att
272 1447 391 1511 ίκείνων
406 1445 464 1521 τὰς
479 1444 580 1523 αίτίας
594 1441 818 1527 λαμβάνουσαι.
869 1450 970 1522 κακῶς
984 1439 1046 1531 γὰρ
1060 1451 1117 1528 τῆς
1132 1449 1248 1530 μιαρᾶς
1260 1441 1370 1510 Σαλώ-
1378 1455 1415 1512 10

271 1574 334 1632 μης
348 1551 400 1624 καὶ
416 1553 500 1636 σφᾶς
516 1550 567 1614 καὶ
582 1548 639 1631 τὴν
654 1549 772 1636 μητίρα
789 1545 935 1634 λεγοῦσης
950 1551 1000 1614 καί
1016 1546 1092 1632 πρός
1105 1543 1217 1632 λόγους
1227 1549 1373 1613 ἐκκαλου-

270 1653 363 1735 μένης
386 1647 513 1728 αὐτοῦς,
538 1652 644 1718 ἐκεῖνον
667 1651 796 1734 ἐλεεινὴν
819 1651 986 1740 ῦπίφαινον
1006 1649 1063 1733 τὴν
1085 1650 1300 1738 καταστροφὴν
1315 1657 1373 1735 τῆς

272 1751 405 1841 μητρός,
439 1752 568 1831 ἀθλίους
601 1754 634 1821 δ’
671 1752 800 1832 ἕαυτοδς
832 1753 960 1820 ίκώλουν
991 1762 1055 1831 τοῖς
1088 1755 1196 1837 ἐκείνης
1227 1759 1371 1841 φονεῦσιν

273 1856 533 1942 ἀναγκαζομίνοος
555 1860 658 1941 συζῆν.
707 1863 807 1923 ταῦτα
828 1851 867 1942 ἦν
889 1857 1118 1942 ἀποδημοῦντος
1137 1862 1191 1922 τοῦ
1212 1856 1373 1939 βασιλέως.

273 1957 474 2026 ἐπανελθόντι
503 1958 537 2023 δ’
569 1960 665 2038 εῦθδς
687 1959 773 2047 παρά
797 1985 829 2024 τε
857 1957 990 2048 Φερώρα
1014 1963 1066 2027 λαὶ
1090 1966 1144 2041 τῆς
1166 1956 1320 2044 Σαλώμης
1344 1959 1418 2026 eila

274 2059 359 2148 λόγον
384 2057 590 2150 προσήγοντο,
614 2061 761 2148 λεγόντων
785 2063 881 2148 μέγαν
906 2062 1011 2140 αὐτοῖς
1035 2065 1228 2150 ίαηρτῆσθαι
1242 2063 1297 2130 τδν
1312 2064 1377 2128 νίν-

276 2166 383 2245 δυνον,
410 2165 589 2252 ἀναφανδόν
613 2166 836 2249 ἀπολουμένων
854 2161 915 2232 τῶν
931 2168 1093 2233 νεανίσκων
1109 2167 1162 2232 τδν
1179 2164 1274 2253 φόνον
1289 2169 1378 2232 τίσα-

276 2272 354 2332 σθαι
376 2274 431 2349 τῆς
446 2265 586 2355 μητρός.ν
619 2266 765 2357 Ἡρώδης
782 2269 815 2334 δὲ
831 2277 929 2336 ταῦτα
945 2273 996 2336 καί
1012 2269 1113 2336 ἄλλων
1130 2266 1377 2356 ἀπαγγελλόντων

275 2366 453 2458 τετάρακτο.
504 2369 585 2438 orista
610 2373 645 2440 δὲ
669 2375 823 2451 διατεθείς
845 2373 921 2459 ἔγνω
944 2373 993 2438 int
1016 2373 1196 2461 καθαιρίσει
1219 2380 1281 2440 τεῦν
1303 2371 1376 2440 νίων

276 2473 378 2562 ίτερον
399 2473 468 2540 vicis
487 2472 683 2563 Ἀντίπατρον
705 2476 804 2560 ὄνομα
809 2525 821 2559 ,
845 2475 1030 2544 irroratum
1051 2476 1094 2545 ἔτι
1116 2476 1202 2565 uisui
1225 2476 1419 2564 γεγνονότα,λο

275 2574 590 2664 προοοικειώσασόαι·
615 2580 667 2643 καί
691 2586 800 2644 τοῦτον
822 2576 918 2645 ίδόκει
940 2587 1051 2664 τιμᾶν,
1073 2580 1127 2646 ἵνα
1142 2582 1326 2668 ναταστείλῃ
1341 2582 1375 2648 ri

236 2686 259 2740 Β
275 2677 398 2769 δρόσος
418 2692 484 2760 τοῖς
506 2683 540 2749 ix
561 2688 617 2768 τῆς
632 2678 771 2771 Μαριάμ
776 2728 788 2763 ,
812 2689 934 2768 γνοῦσιν
951 2680 993 2761 ὡς
1009 2684 1047 2751 οῦ
1062 2681 1171 2769 μόνοις
1186 2686 1290 2763 αῦτοῖς
1305 2683 1374 2751 οὐδ’

346 2891 445 2961 aaut]
465 2888 498 2947 di
514 2894 549 2949 Α.
651 2892 947 2967 ὅσονεεειργοὶοαντο]
965 2896 1030 2951 baec
1047 2896 1125 2951 aliter
1142 2897 1272 2970 κραδίαν
1305 2896 1377 2983 λαμ.

344 2964 467 3031 interpam
487 2963 581 3017 endum
608 2966 724 3019 fortasse
753 2975 816 3019 ante
844 2964 1032 3037 βλασφημίαν,
1061 2966 1150 3021 addito
1176 2964 1227 3021 aet
1250 2985 1284 3021 re
1318 2984 1378 3021 ουν.

344 3028 395 3079 καλ
410 3046 452 3079 orn
496 3067 504 3081 .
547 3094 550 3100 Ι
588 3030 679 3085 broie
695 3036 848 3089 νεανίσκων
863 3035 887 3087 Α
904 3036 1046 3108 Iosephus,
1062 3040 1126 3090 τοῖν
1138 3037 1297 3093 νεανίσκων
1308 3036 1377 3091 PW.

344 3095 363 3149 8
379 3090 511 3167 δύσνοια]
529 3094 676 3166 δυσμένεια
692 3102 727 3153 Α.

277 3282 401 3337 salomae
418 3282 499 3337 filiam
515 3282 668 3348 Bernicerm
691 3284 812 3339 Archelai
830 3286 1017 3357 Cappadocum
1033 3292 1104 3360 regis
1121 3290 1199 3345 filiam
1218 3288 1381 3361 Glaphyran

276 3353 436 3408 Alexandro.
472 3354 569 3423 quibus
592 3357 672 3408 rebus
690 3355 806 3409 Saiomes
824 3355 977 3411 inimicitiae
993 3370 1086 3413 contra
1102 3360 1281 3414 adolescentes
1298 3362 1382 3430 magis

276 3424 429 3492 alebantur,
456 3440 545 3476 omnes
570 3440 616 3475 sos
639 3425 691 3479 sibi
712 3425 878 3495 adiungentis
895 3427 942 3507 qui
959 3428 1047 3483 caedis
1064 3429 1232 3483 Mariamme
1247 3430 1382 3483 adiutores

276 3494 390 3547 fuerant.
426 3493 636 3547 adolescentibus
658 3503 743 3548 autem
766 3512 859 3549 musas
877 3514 983 3567 quoqne
999 3500 1135 3552 nonnuilas
1151 3500 1382 3570 suppeditantibus

276 3569 330 3616 tam
352 3564 536 3616 recordatione
558 3565 650 3616 anstais
673 3580 748 3635 quam
771 3566 872 3635 imperii
889 3568 1049 3636 cupiditate,
1073 3570 1211 3622 maledicta
1228 3568 1332 3692 ιριίδεαι
1348 3568 1383 3620 ab

278 3631 319 3684 bis
339 3632 367 3684 in
391 3634 513 3686 Salomon
530 3641 559 3685 ct
573 3633 714 3686 Pbcroram
734 3636 951 3707 conserebantur,
977 3636 1078 3690 illorum
1097 3646 1183 3691 autem
1199 3656 1241 3691 ma
1251 3636 1385 3692 evolantia

278 3702 442 3769 augebatur,
470 3710 499 3755 et
520 3702 649 3755 subdoiae
666 3702 825 3769 alumnus,
849 3720 928 3758 causa
947 3706 980 3759 ab
995 3706 1062 3777 ipsis
1079 3707 1265 3777 suppeditata,
1289 3714 1386 3759 contra

278 3784 324 3820 eos
349 3770 554 3825 adornabantur.
589 3786 649 3823 nam
672 3787 729 3823 com
754 3772 855 3826 neiaria
879 3774 982 3827 Saturne
1005 3783 1032 3828 et
1054 3777 1133 3828 matri
1155 3783 1183 3829 et
1204 3778 1268 3847 ipsis
1291 3776 1385 3828 conri-

279 3836 409 3903 cimam,
436 3847 467 3891 ut
487 3858 535 3893 ecs
553 3840 587 3892 ad
604 3840 813 3909 respondendum
832 3840 968 3910 irritaret,
994 3844 1032 3897 ilii
1049 3850 1078 3896 et
1094 3846 1229 3899 interitum
1246 3844 1339 3898 matris
1358 3851 1387 3896 et

278 3922 340 3959 suas
366 3908 486 3961 fomanus
510 3910 718 3976 miserabantur,
748 3912 796 3979 qui
819 3911 1008 3983 parricidarum
1032 3913 1104 3967 iliius
1130 3915 1320 3969 consuetudine
1346 3914 1387 3967 uti

277 3984 445 4044 cogerentur.
479 3979 544 4029 hacc
565 3980 675 4032 absente
696 3996 759 4047 rege
782 3988 850 4033 acta.
886 3997 995 4033 reverso
1013 3982 1144 4037 Pheroras
1162 3993 1190 4038 et
1206 3984 1312 4037 δαίσατο
1329 3992 1385 4037 sta·

276 4044 323 4097 tirn
335 4062 373 4097 ea
390 4047 475 4098 verba
490 4047 674 4116 insusurrant,
699 4065 729 4101 ss
743 4050 771 4099 in
789 4066 882 4117 magno
899 4050 1004 4104 versari
1021 4052 1153 4121 periculo,
1178 4053 1385 4107 adolescentibus

277 4129 307 4164 se
332 4130 421 4167 necem
446 4117 538 4167 matria
563 4117 664 4169 ulturos
688 4124 782 4186 aperte
807 4118 998 4173 minitantibus.
1033 4122 1155 4175 Herodes
1180 4124 1220 4176 bis
1243 4138 1294 4193 per
1318 4122 1384 4175 alios

278 4196 383 4249 qaoque
406 4185 537 4238 nuntiatis
560 4188 698 4249 turbatus,
726 4186 803 4239 atium
828 4187 907 4241 tilium
931 4188 1117 4261 Antipatrum,
1144 4192 1172 4244 iu
1194 4190 1306 4264 privata
1326 4190 1384 4243 rita

277 4260 448 4371 {¹:232th
467 4254 524 4373 [aldit
539 4255 899 4379 weicefflffllmffim
922 4257 976 4312 sibi
996 4260 1138 4383 gonciiiare
1161 4261 1279 4383 statuit,t
1308 4260 1384 4329 eique

449 4338 465 4372 a
530 4362 539 4390 ‚
570 4340 589 4376 u
769 4340 802 4379 aa
864 4341 935 4379 orum
960 4344 995 4383 aa
1014 4346 1097 4385 acrum
1123 4346 1265 4401 reprimere
1287 4368 1296 4398 ,
1327 4344 1387 4383 cum
