3050 4900
282 301 361 374 sos
452 260 467 292 ⁸
639 295 812 366 rorante
836 295 1031 363 zonsnrn

284 491 357 568 τούς
380 484 618 575 καθειργμένους
639 482 778 563 ἅπαντας
801 483 930 564 ἀνελεῖν,
959 480 1099 567 “inupti
1117 475 1280 570 έφήδοιντύ
1296 483 1382 566 μου“’

285 597 381 680 λέγων
408 588 460 656 “oi
485 592 576 674 δῆμοι
598 596 636 676 τῇ
658 593 798 676 τελευτῇ,
832 587 909 672 μηδ’
928 587 1126 674 ἐπικρατοῖεν,
1161 585 1232 652 ἀλλ’
1252 583 1383 654 ἑκάστων

284 691 481 785 θρηνούντων
505 694 579 770 τούς
603 690 735 773 ἕαυτυῖν,
769 687 866 768 οὕτως
891 692 941 756 καὶ
966 689 1056 766 αύτδς
1083 688 1162 767 δόξω
1189 695 1387 777 θρηνεῖσθαι,

285 802 337 866 καὶ
359 803 483 873 πολλοῖς
505 793 526 880 ἡ
549 791 654 875 έξοδάς
675 822 737 878 μου
760 797 905 878 τιμηθείη
927 803 992 870 τοῖς
1015 790 1177 880 δάκρυσι.”
1232 795 1283 857 καλ
1298 790 1388 877 ὁμέν

285 903 447 984 ἐπέσκηπτε
473 906 570 965 ταύτα
594 897 735 986 δακρύων
759 899 811 962 καλ
834 895 1050 980 ποτνιώμενος,
1084 896 1112 961 οἳ
1129 897 1163 961 δέ
1177 895 1224 981 μὴ
1242 894 1412 984 cumei-5

284 1011 397 1072 αεσθαι
412 1002 470 1088 τήν
485 1003 608 1087 έντολήν
622 1001 846 1087 ἐπηγγέλλοντο.

381 1107 434 1171 Ἕν
466 1104 584 1183 τούτοις
615 1104 782 1192 γράμματα
804 1100 874 1168 ἀπὸ
906 1109 967 1170 τῶν
993 1101 1026 1166 έν
1047 1095 1150 1188 Ῥώμη
1176 1099 1387 1184 ἀπεσταλμένα

241 1221 269 1276 1)
286 1206 464 1293 κεκάμιστα,
496 1206 553 1293 τήν
577 1234 610 1274 τε
632 1208 760 1292 Ἀκμὴν
782 1204 973 1294 ἀνῃρημένην
998 1208 1151 1288 δηλοῦντα
1176 1208 1226 1269 καί
1251 1204 1292 1270 τὰ
1317 1209 1388 1292 περὶ

284 1314 338 1381 τὸν
359 1314 568 1398 Ἀντίπατρον
592 1317 632 1398 τῇ
656 1317 712 1378 τού
737 1309 852 1396 πατρὸς
876 1308 982 1397 γνώμη
1007 1308 1217 1391 ἀνατιθέμενα.
1267 1307 1387 1375 τούτων

283 1414 419 1493 ἀκούσας
436 1413 581 1501 Ἡρώδης
601 1413 687 1498 ήσθη
710 1417 762 1479 καὶ
783 1410 884 1500 βραχύ
908 1439 938 1479 τι
960 1411 1109 1497 ἀνήνεγκε.
1158 1417 1220 1476 τῶν
1237 1411 1269 1475 δ’
1289 1412 1384 1496 ἀλγη-
1392 1419 1430 1472 1⁰

284 1516 381 1586 δύνων
403 1521 446 1594 τίς
467 1519 545 1603 μέγα
566 1517 704 1604 ήρμένων
719 1517 856 1600 ἀπείχετο
873 1517 929 1600 μέν
945 1519 1062 1594 σιτίων,
1086 1520 1188 1598 μῆλον
1204 1513 1237 1578 δ’
1255 1513 1386 1599 αι’τήσας

284 1625 336 1688 καὶ
361 1616 530 1708 μάχαιραν,
565 1612 739 1706 γνάμηςήν
756 1618 865 1686 ἑαυτὸν
882 1617 1062 1705 ἀναιρήσων.
1113 1618 1165 1682 καὶ
1181 1617 1330 1704 πέπραγεν
1347 1617 1386 1683 ἀν

250 1719 255 1728 ’
283 1725 319 1790 τδ
345 1722 527 1807 ἐνθύμημα,
561 1725 588 1788 εί
612 1722 657 1807 μή
681 1750 727 1800 τις
751 1724 847 1790 αὐτού
871 1722 1020 1810 προγνοὺς
1045 1720 1168 1802 κατέσχε
1191 1719 1246 1801 τήν
1271 1719 1385 1796 δεξιάν.

284 1830 337 1893 καὶ
351 1828 430 1912 μέγα
446 1823 669 1913 ἀνακραγόντος
684 1824 802 1912 αίμωγή
818 1852 851 1891 τε
866 1817 904 1910 ἦν
921 1829 973 1891 καὶ
990 1821 1126 1911 θόρυβος
1136 1823 1229 1908 μέγας
1242 1819 1284 1900 ὡς
1297 1827 1386 1904 ολχα-

284 1931 376 2013 μένου
393 1936 449 1994 τού
463 1930 623 2012 βασιλέως.
674 1932 726 1994 καλ
752 1927 769 1994 δ
790 1930 997 2016 Ἀντίπατρος
1014 1925 1056 2004 ὡς
1071 1925 1129 2011 ήδη
1146 1924 1297 2002 θανόντος
1313 1927 1430 1992 ἀνε-15

283 2031 443 2119 θάρσησε,
478 2034 528 2097 καλ
544 2037 588 2118 τῷ
605 2029 813 2120 δεσμοφύλακι
831 2031 952 2120 ἀφεῖναι
970 2031 1062 2098 αύτδν
1079 2029 1163 2113 ήξίου
1179 2025 1297 2113 μεγάλα
1312 2025 1385 2094 ἀπι-

283 2134 474 2220 σχναύμενος.
516 2130 585 2200 tot
601 2141 646 2223 τῷ
660 2141 785 2216 βασιλεῖ
797 2137 929 2222 γνωρίζει
946 2135 1002 2217 τήν
1019 2135 1130 2200 ἐκείνου
1148 2129 1293 2197 διάνοιαν.
1334 2135 1386 2198 καὶ

141 2242 267 2302 PH&
280 2238 318 2316 ἀς
341 2236 489 2322 ἀντβάησέ
508 2262 541 2302 τε
563 2241 616 2302 καὶ
638 2238 749 2321 πέμπει
773 2238 857 2315 τινὰς
878 2239 950 2314 τοὺς
967 2237 1073 2302 αὐτίκα
1089 2242 1267 2312 κτενοῦντας
1283 2233 1386 2302 αάτάν.

282 2351 444 2426 μεταποιεῖ
456 2340 489 2404 δέ
506 2331 598 2418 αάθις
612 2341 670 2418 τάς
686 2337 853 2426 διαθήκας,
867 2341 1004 2432 Ἀντίπᾳ
1019 2342 1073 2424 μέν
1089 2341 1268 2426 τετραρχίαν
1282 2338 1385 2416 διδούς
1516 2395 1517 2428 3

281 2446 450 2511 Γαλιλαίαν
466 2469 499 2509 τε
515 2446 568 2509 καλ
579 2445 736 2533 Περαίαν,
747 2441 915 2535 Ἀρχελάῳ
930 2444 961 2510 δ’
978 2443 1136 2529 ἀπονέμων
1147 2443 1206 2529 τὴν
1216 2443 1430 2527 puericiam
1516 2431 1517 2495 ἶ

283 2549 339 2633 τήν
364 2550 397 2614 δέ
422 2550 602 2612 Γαυλανῖτιν
626 2550 678 2612 καλ
703 2554 893 2635 Τραχωνῖτιν
907 2551 958 2615 καλ
976 2548 1153 2614 Βαταναίαν
1168 2550 1218 2612 καί
1234 2545 1386 2613 Πανεάδα
1516 2536 1517 2549 ¹

284 2654 428 2740 Φιλίππῳ
451 2651 538 2715 πωιδλ
556 2650 611 2733 μέν
627 2650 721 2715 αὐτοῦ
741 2650 919 2737 Ἀρχελάου
936 2652 970 2716 δέ
986 2652 1111 2740 ἀδελφῷ
1127 2652 1239 2737 γνησίῳ
1254 2676 1385 2738 τετραρ-

279 2758 352 2839 χίαν
377 2756 574 2841 ἀποκληροῦν,
599 2750 749 2837 Ἰάμνειαν
765 2756 800 2823 δέ
816 2756 867 2820 καὶ
887 2752 1029 2833 ’Ἄζωτον
1046 2758 1097 2821 καὶ
1117 2754 1297 2836 Φασαηλίδα
1314 2758 1382 2818 Σα-

350 2976 454 3048 oedip
470 2979 555 3032 codex
571 2980 709 3049 Duoaogii.
795 2984 828 3037 ll
844 2978 895 3053 pis
913 2999 955 3037 ons
968 2981 1002 3044 A.
1091 2980 1125 3035 14
1140 2976 1331 3051 ἀνακραγδτος
1347 2980 1383 3036 λ.

350 3048 385 3101 22
403 3047 504 3114 γνησίῳ
521 3047 572 3101 αδδ
588 3048 613 3101 A
627 3049 763 3120 Iosephus.

279 3268 370 3307 omues
385 3249 523 3320 tollerent,
536 3246 611 3339 “ue''
626 3252 713 3337 ipquit
724 3247 836 3375 “pppnli
852 3270 934 3337 unsara
949 3212 1058 3338 moptelo
1072 3252 1122 3307 sibi
1133 3252 1302 3321 gratulentur
1313 3269 1385 3335 [τοτα

281 3321 457 3393 applaudant,
482 3323 530 3375 sed
553 3323 662 3392 singulis
686 3341 748 3377 suos
791 3323 968 3393 eplorantrbna
991 3340 1048 3393 spse
1071 3339 1173 3394 qnoque
1191 3322 1325 3392 deplorari
1342 3340 1388 3373 τι·

282 3391 361 3460 δαατ,
388 3396 416 3443 et
439 3390 527 3446 obitas
551 3410 623 3446 naeus
648 3393 738 3447 multia
758 3392 873 3445 lacrimis
896 3386 1070 3447 honoretur.”
1104 3407 1172 3462 qnae
1191 3408 1247 3445 coru
1266 3392 1336 3443 flens
1355 3400 1386 3443 et

281 3462 358 3515 denus
374 3461 509 3515 obtestans
527 3460 642 3527 diceret,
659 3462 699 3515 illi
716 3480 746 3516 se
762 3462 908 3515 mandatnm
925 3479 978 3517 uon
995 3462 1159 3531 neglecturos
1176 3459 1346 3531 pollicentur.

382 3529 490 3583 Interea
506 3531 612 3585 litterae
627 3531 712 3585 Roma
727 3531 874 3585 afferuntur
890 3518 983 3601 qulbus
999 3531 1099 3584 certior
1115 3532 1274 3584 reddebatur
1285 3530 1386 3583 Acmen

282 3616 342 3653 esse
357 3601 541 3670 interiectam,
558 3608 587 3655 et
603 3603 736 3670 negotium
752 3601 886 3671 Antipatri
902 3602 987 3671 putria
1002 3599 1109 3653 arbitrio
1122 3599 1251 3671 permitti.
1285 3599 1385 3667 quibus

279 3668 402 3723 Herodes
419 3671 538 3724 'laetatus
555 3678 597 3723 est
612 3678 642 3723 et
657 3670 773 3724 nonnihil
790 3678 933 3725 recreatus.
967 3668 1013 3724 scd
1036 3670 1170 3724 doloribus
1186 3670 1214 3723 in
1232 3669 1386 3722 immensum

281 3738 366 3791 auctis
383 3739 444 3791 cibo
462 3740 605 3805 abstinuit,
624 3756 656 3792 ac
673 3740 739 3793 roalo
755 3746 785 3792 et
801 3742 902 3793 cultello
919 3741 1019 3811 petito,
1035 3739 1064 3791 in
1080 3738 1165 3791 animo
1180 3737 1273 3791 habuit
1284 3744 1387 3789 sarnet-

280 3809 366 3878 ipsum
383 3808 512 3862 occidere.
546 3809 716 3874 refecisset,
735 3809 786 3862 nisi
803 3810 906 3879 quidam
923 3809 1104 3863 animadverso
1122 3808 1230 3861 consilio
1245 3806 1386 3859 dexteram

280 3878 338 3930 eius
351 3876 517 3936 inhibuisset.
551 3878 598 3947 qui
614 3894 672 3931 curo
689 3880 874 3945 exclamasset,
889 3879 1000 3948 gentitus
1018 3883 1045 3930 et
1061 3878 1187 3931 turnultus
1204 3892 1311 3944 mugnus
1329 3876 1385 3930 fuit

281 3945 359 4068 itt
376 3946 1188 4086 ttrtttct’tttttlltttt“illinitis
1199 3945 1319 4067 ulti?
1333 3960 1386 4065 lli

280 4084 450 4136 exclamavit:
477 4100 509 4135 ac
526 4084 613 4137 statim
628 4086 809 4154 speculatores
826 4086 908 4139 mittit
923 4086 968 4155 qni
983 4086 1053 4138 illurn
1069 4085 1260 4137 interficerent.
1297 4090 1381 4135 testa-

280 4160 393 4205 rneoturn
410 4153 497 4205 denno
513 4153 639 4221 nutarit,
658 4156 771 4223 Antipae
788 4154 932 4208 tetrarchia
948 4154 1084 4207 Galilaeae
1103 4162 1132 4207 at
1147 4152 1266 4205 Peraeae
1282 4152 1378 4219 legata,

278 4217 408 4297 Arcitelao
432 4238 514 4288 regno
533 4223 586 4274 assi
624 4233 680 4291 ato,
702 4224 826 4294 Philippo
843 4224 898 4278 filio
914 4223 1037 4279 Archelai
1053 4224 1129 4277 naui
1144 4222 1290 4275 tetrarchis
1307 4220 1378 4273 Gau·

277 4285 411 4353 modis,
426 4289 585 4345 Tnchoniti
602 4293 641 4360 is,
656 4292 808 4349 Bstanaeua
825 4302 853 4347 at
867 4292 1000 4349 Pansatlis
1015 4308 1151 4349 concessae
1167 4290 1379 4351 [mutantem.
