3050 4900
260 293 370 341 xxvut
573 269 775 340 DUGANGII
798 271 1046 340 PRAEFATIO.

258 461 303 524 ita
325 469 430 524 tamen
452 471 485 524 ut
504 461 643 526 Zonaras
665 483 739 526 suos
761 460 900 526 emiserit
913 471 985 524 ante
996 460 1232 542 Balsamonem,
1258 484 1360 549 aquo

258 583 322 628 non
345 566 441 628 semel
462 576 583 627 etcum
603 566 704 646 elogio
726 566 755 629 is
775 563 925 631 laudatur.
976 586 1017 628 ex
1038 567 1148 650 quibus
1164 569 1274 629 saltem
1286 569 1362 630 licet

260 670 417 748 colligere,
438 668 496 730 sub
509 667 653 731 Manuele
666 669 784 733 vixisse
798 668 954 732 Zonaram
967 680 1059 753 atque
1070 667 1151 734 adeo
1164 670 1267 756 ipsum
1279 669 1361 752 Gly-

257 765 342 848 cain,
363 772 391 833 si
413 769 539 855 quidem
558 773 640 835 illius
661 783 732 835 sunt
749 769 908 858 Epistolss
927 769 967 834 de
987 773 1096 856 quibus
1117 773 1253 852 agimusr
1273 772 1360 856 quod

258 886 340 938 certe
360 873 489 938 suadere
511 873 634 939 videtur
655 876 831 962 scriptionis
851 895 911 958 qua
927 875 962 938 in
980 875 1147 966 Annulibus
1161 877 1255 938 utitur
1266 877 1360 954 ratio,

256 978 312 1040 ubi
335 997 438 1041 sacrae
457 975 629 1064 scripturae
649 979 753 1065 potius
775 995 868 1062 quam
886 976 1086 1041 illustrandae
1105 978 1254 1042 historiae
1274 989 1361 1043 totus

256 1081 415 1144 incumbit.
452 1081 527 1165 quin
538 1081 634 1144 etiam
646 1082 680 1144 in
693 1081 733 1144 iis
747 1093 944 1144 astronomos
955 1081 1052 1166 carpit
1063 1091 1095 1142 et
1106 1081 1177 1144 illos
1190 1082 1244 1165 qui
1255 1092 1361 1144 astro-

254 1204 325 1246 rum
349 1183 562 1246 affertionibus
586 1181 735 1269 quidquid
755 1183 789 1246 in
810 1194 891 1246 terra
905 1185 1006 1264 agitur
1018 1180 1207 1261 adscribunt,
1227 1179 1307 1247 adeo
1322 1194 1361 1246 ut

255 1284 329 1360 τούς
351 1286 407 1368 μὲν
430 1281 562 1370 πόρνους
581 1285 654 1362 τούς
675 1285 709 1350 δὲ
730 1283 859 1367 uomodo
874 1287 926 1350 soi
941 1284 1055 1361 ἄλλους
1069 1281 1160 1351 πάλιν
1176 1287 1288 1371 φονίας
1303 1287 1360 1350 καὶ

254 1385 397 1474 ἅρπαγας
413 1388 546 1452 efficiant
559 1379 612 1471 ¹);
638 1387 721 1475 quod
738 1400 770 1451 et
785 1389 888 1475 ipsum
901 1387 1016 1452 iisdem
1029 1390 1127 1452 lerme
1139 1391 1242 1453 verbis
1257 1389 1360 1452 babe-

252 1503 303 1554 tur
325 1493 359 1554 in
379 1479 632 1579 Antapologetiob
656 1493 740 1555 ouius
764 1512 856 1578 supra
878 1492 1096 1556 meminimus:
1121 1493 1193 1554 licet
1213 1495 1358 1570 fateatur,

254 1605 288 1656 nt
310 1607 342 1658 et
362 1606 467 1661 auctor
487 1596 746 1683 Antapologetici,
767 1597 862 1658 multa
883 1617 925 1660 ex
944 1594 1082 1660 siderum
1095 1595 1309 1658 allectionibus
1324 1605 1360 1656 et

253 1698 351 1778 signis
379 1700 562 1763 caelestibus
588 1697 622 1764 id
650 1697 732 1784 quod
755 1702 890 1762 luturum
913 1699 955 1762 sit
976 1720 1035 1764 nos
1058 1720 1152 1785 posse
1174 1700 1358 1762 coniectare.

252 1819 294 1862 ex
308 1803 418 1886 quibus
432 1825 495 1866 non
509 1803 637 1867 omnino
652 1813 754 1865 tamen
769 1802 927 1864 conficitur
939 1800 1125 1864 lllicbaelem
1140 1801 1270 1883 Glycam
1283 1821 1357 1864 esse

251 1916 408 1967 auctorem
430 1904 638 1991 Epistolarum
660 1901 699 1968 de
722 1905 831 1989 quibus
851 1905 988 1984 agimus,
1010 1926 1081 1967 cum
1093 1905 1224 1970 trivialis
1238 1916 1269 1966 et
1283 1905 1358 1988 qui·

249 2007 358 2071 busvis
386 2010 479 2072 obria
507 2009 548 2072 sit
572 2005 777 2072 eiusmodi
750 2028 829 2069 crrca
855 2019 1009 2071 astrorum
1030 2008 1168 2070 influxus
1190 2008 1356 2084 sententia,

250 2121 343 2194 atque
361 2107 440 2172 adeo
454 2111 552 2194 ipsius
568 2113 608 2174 sit
621 2112 781 2189 Zonarae,
808 2113 861 2195 qui
874 2111 908 2172 in
921 2110 1088 2174 Annalibus
1101 2100 1141 2192 Β)
1162 2107 1256 2173 deum
1269 2120 1356 2170 astra

250 2209 429 2274 condidisse
449 2213 553 2274 sc'ribit
573 2222 608 2274 ut
626 2227 724 2277 terrae
738 2215 872 2278 ambitus
885 2235 941 2299 per
954 2233 992 2276 ea
1004 2215 1204 2276 illustraretur
1216 2223 1249 2274 et
1261 2232 1354 2273 men-

250 2329 321 2378 sura
344 2313 494 2400 temporis
515 2335 556 2376 ex
576 2335 683 2378 eorum
697 2316 870 2379 circuitibus
884 2326 1056 2401 peteretur,
1080 2337 1145 2379 non
1156 2337 1232 2381 vero
1244 2325 1278 2376 ut
1291 2335 1356 2377 una

250 2437 320 2479 oum
345 2427 431 2481 motu
455 2417 611 2480 stellamm
635 2417 740 2481 omnia
760 2428 866 2481 nostra
887 2419 1144 2483 cncomtsranrur.
1194 2421 1259 2483 iam
1277 2437 1354 2481 vero

248 2520 427 2585 Manualem
438 2522 658 2607 imperatorem
670 2522 878 2583 astronomiae
891 2523 960 2606 plus
975 2543 1067 2607 quam
1078 2544 1136 2609 par
1146 2533 1211 2584 erat
1224 2541 1354 2606 operam

247 2623 454 2711 impendisse,
481 2636 513 2686 et
535 2624 760 2703 astrologorum
774 2645 870 2704 nugas
885 2646 940 2710 pro
956 2626 1086 2689 oraculis
1099 2625 1276 2710 excepisse,
1302 2634 1354 2685 te-

247 2738 345 2790 statur
367 2750 431 2791 non
454 2749 516 2791 uno
537 2731 607 2790 loco
628 2728 753 2791 Nicetes
774 2729 807 2790 in
828 2729 911 2789 illius
931 2729 995 2791 vita
1008 2719 1056 2808 ³).
1112 2746 1204 2811 quern
1224 2723 1354 2810 quidem

245 2828 330 2892 haud
344 2833 458 2893 mirum
472 2832 658 2895 sententiam
671 2851 760 2894 suam
772 2832 805 2894 io
820 2831 952 2915 epistola
962 2828 1002 2891 ad
1014 2830 1199 2892 monachum
1208 2830 1350 2891 firmasse

245 2944 293 2997 tot
306 2954 411 2995 sacrae
425 2933 598 3019 Scripturas
609 2946 640 2995 et
648 2944 768 3018 patrum
778 2934 1023 3011 auctoritatibus,
1043 2954 1113 2995 cum
1122 2952 1140 2993 a
1149 2931 1301 2995 cinnamo
1309 2922 1349 3010 4)

246 3036 363 3099 divinis
377 3034 504 3123 perinde
518 3058 552 3099 ac
567 3037 800 3101 humanioribus
814 3038 924 3101 litteris
936 3033 1107 3099 admodum
1118 3035 1299 3109 instructus,
1316 3043 1349 3095 et

245 3140 327 3203 bello
343 3140 440 3201 clarus
454 3140 593 3219 babitus,
611 3138 743 3203 Martem
752 3153 785 3203 et
792 3139 977 3205 Mercurium
989 3160 1051 3201 una
1065 3150 1096 3201 et
1108 3138 1202 3202 simul
1215 3137 1348 3199 coluisse

247 3239 379 3305 dicatur:
404 3244 448 3306 ita
469 3252 503 3304 ut
525 3242 662 3307 illauueli
681 3246 779 3330 aptari
798 3244 933 3331 potuerit
951 3240 1035 3327 quod
1056 3240 1235 3329 Calpurnius
1249 3230 1286 3322 ⁶)
1306 3236 1347 3303 de

246 3345 358 3412 (larino
372 3346 559 3434 imperatore
572 3346 681 3409 cecinit

522 3478 653 3543 uteunque
668 3475 753 3525 taurea
769 3468 951 3542 eonspeximus
967 3472 1052 3541 ipsum

453 3559 569 3628 lougius,
588 3578 634 3628 ac,
652 3558 703 3613 nisi
719 3576 759 3613 ma
777 3559 881 3629 decepit
896 3558 985 3625 risus,
1001 3558 1098 3613 inuno

453 3652 483 3701 st
499 3645 597 3703 Martis
613 3645 702 3701 vultus
720 3651 748 3699 et
764 3645 895 3719 Apollinis
911 3664 970 3701 esse
987 3646 1092 3719 poteri

247 3758 453 3771 ......-......-

314 3820 330 3871 1
386 3814 974 3889 etcnsto[p50190enonn1
1046 3772 1050 3779 r

222 3971 228 3985 ·
313 3834 1345 4023 d)liiiir.itrber28hbtnt[pltetuttteut

245 3996 683 4089 3303..38633οᾱΒοιιιι]
778 4036 785 4045 ·
872 4056 876 4064 ι
1022 4068 1026 4073 .

313 4086 950 4235 ἓὲξξίὶιέἅ.[ρ..3δ316οᾶῆθιιη.1

696 4308 895 4321 ...-.....-
