3050 4900
280 276 357 348 456
636 275 808 342 loturus
834 273 1029 342 ZONARAE

378 459 432 528 ‘H
446 461 479 528 δὲ
496 455 643 550 Φερώρου
659 463 782 546 τελευτὴ
800 463 879 548 ἀρχὴ
896 469 998 529 κακῶν
1019 467 1064 550 τῷ
1087 457 1290 550 Ἀντιπάτρῳ
1314 461 1380 548 tyt-

282 589 368 645 νετο,
392 566 565 649 τιννυμένου
587 574 643 632 τοῦ
664 569 752 632 θείου
776 574 830 651 τῆς
849 566 1083 654 ἀδελφοκτονίας
1099 563 1203 630 αὐτόν.
1255 565 1381 632 ἀπελεό-

282 675 372 756 θεροι
395 669 455 756 γάρ
481 668 538 735 δόο
562 677 624 736 τῶν
650 668 784 760 Φερώρρι
808 673 914 753 τιμίων
938 669 1042 752 ἠξίουν
1063 665 1217 756 Ἡρώδην
1233 669 1276 751 μὴ
1294 670 1385 736 ἐᾶσαι

282 772 336 840 τόν
360 773 494 861 ἀδελφόν
518 774 710 858 ἀνεκδίκητον
728 773 884 861 φαρμάκῳ
902 771 1124 860 διαφθαρέντα.
1175 778 1274 836 ταῦτα
1290 771 1384 837 πιστδ

283 877 432 942 δοκοῦντα
459 879 500 953 είς
526 877 659 954 ἐξέτασιν
684 877 737 942 τὸν
761 879 892 960 βασιλέα
916 877 1055 960 ἐκίνησαν
1060 923 1071 954 ,
1096 877 1146 940 καὶ
1170 876 1414 958 έβασανίζοντοό

282 991 421 1064 γυναῖκες
437 981 547 1045 dorilei
560 1006 592 1046 τε
608 982 659 1045 καὶ
672 977 840 1067 έλεάδερσι.
892 979 925 1044 αἱ
935 981 992 1062 μέν
1005 971 1059 1042 orio
1071 977 1160 1043 uilior
1174 979 1384 1066 ένεκαρτέρουν

245 1083 507 1166 Βδχεμυθοῦσαι,
532 1086 589 1164 μία
612 1083 648 1147 δέ
666 1107 713 1159 τις
735 1083 809 1148 ἀλλο
833 1083 889 1166 μέν
911 1082 969 1170 έφη
995 1082 1099 1162 οὐδέν,
1125 1081 1201 1147 θεὸν
1220 1082 1253 1146 δ’
1276 1083 1386 1147 ἐπεκα-

282 1192 382 1264 λεῖτο,
408 1183 563 1263 τοιαύταις
589 1182 735 1272 ἀνάγκαις
757 1186 813 1268 τὴν
835 1183 1047 1271 Ἀντιπάτρου
1070 1185 1187 1270 μητέρα
1205 1195 1385 1272 περιπεσεῖν,

283 1285 327 1364 ὡς
361 1295 462 1355 κακῶν
498 1291 605 1354 αἶτίαν.
655 1296 745 1355 τοῦτο
779 1291 821 1365 είς
852 1291 975 1355 πλείονα
1001 1288 1053 1353 τδν
1076 1285 1225 1374 Ἡρώδην
1252 1290 1386 1372 ἐκίνησεν

283 1391 424 1475 έρευναν·
458 1395 510 1457 καὶ
536 1390 635 1458 πάντα
661 1393 881 1480 σφοδροτέροις
906 1389 1054 1476 βασάνοις
1081 1391 1113 1456 αἶ
1137 1399 1274 1476 γυναῖκες
1297 1417 1383 1476 περι·
1394 1399 1432 1454 10
1509 1381 1510 1422 l

282 1500 451 1578 βληδεΐσαι
473 1493 670 1578 πεποιήκασιν
691 1494 845 1574 ἔκπυστα,
871 1494 943 1573 τοδς
966 1492 1086 1576 κώμους
1109 1497 1162 1560 καὶ
1179 1495 1235 1571 τδς
1250 1495 1388 1581 κρυπτὰς

284 1597 434 1674 συνόδους
439 1646 450 1677 ,
475 1602 526 1663 καὶ
548 1597 658 1683 λόγους
669 1596 867 1684 Ἀντιπάτρου
885 1598 963 1686 πρδς
979 1597 1034 1674 τδς
1050 1609 1194 1683 γυναῖκας
1208 1598 1389 1682 γενομένους

286 1698 453 1788 Φερώρου,
480 1710 571 1783 μῖσος
587 1701 665 1786 πρός
682 1702 733 1767 τόν
748 1703 866 1789 πατέρα
874 1751 884 1782 ,
907 1698 1088 1788 δλοφόρσεις
1105 1701 1180 1786 πρδς
1195 1699 1251 1782 τὴν
1265 1700 1387 1784 μητέρα

283 1799 331 1868 ότι
356 1799 549 1886 έπιμῆκιστον
571 1801 591 1886 ἦ
616 1804 677 1884 ζωὴ
699 1807 905 1890 παρατέταται
921 1811 964 1894 τῷ
982 1807 1092 1890 πατρί,
1114 1802 1155 1879 ώς
1176 1801 1252 1885 μηδ’
1273 1801 1387 1867 alodi-

286 1911 365 1972 σθαι
382 1912 442 1970 τῶν
459 1912 514 1990 τῆς
528 1909 687 1988 βασιλείας
701 1905 816 1992 ηδέων,
842 1909 939 1974 εἴποτε
956 1907 1041 1996 αὐτῷ
1057 1909 1173 1993 γένηται
1181 1953 1191 1983 ,
1217 1904 1271 1970 διδ
1287 1910 1387 1990 γῆρας
1396 1915 1431 1969 15

247 2007 349 2094 θῆδη
368 2007 452 2098 αάτῷ
467 2010 668 2091 ἐπικείμενον·
692 2013 744 2075 καλ
760 2011 839 2075 ἀλλα
857 2012 890 2076 δὲ
907 2012 998 2075 πλείω
1015 2013 1138 2075 καὶτοῦ
1153 2007 1269 2094 πατρὸς
1283 2012 1389 2072 καθα·

284 2109 421 2194 πτόμενα
438 2110 472 2175 αἶ
487 2123 625 2198 γυναῖκες
638 2111 749 2198 ἔλεγον.
799 2111 918 2190 τούτοις
935 2113 994 2196 ἤδη
1012 2111 1179 2197 καταγνοδς
1189 2108 1388 2198 Ἀντιπάτρου

286 2210 303 2280 ὅ
328 2214 474 2295 βασιλεδς
498 2215 672 2303 ἀφαιρεῖται
696 2218 752 2297 μέν
776 2217 832 2299 τὴν
857 2219 968 2282 ἐκείνου
984 2217 1101 2302 μητέρα
1117 2215 1175 2298 τὴν
1190 2215 1319 2300 Δωρίδα
1336 2213 1390 2280 τδν

286 2318 355 2401 περὶ
389 2315 484 2401 αάτὴν
517 2319 617 2384 πάντα
642 2315 758 2402 κόσμον
783 2319 939 2386 ταλάντων
966 2317 1038 2384 όντα
1063 2323 1202 2396 πολλῶν,
1235 2317 1330 2400 αὐτὴν
1354 2317 1390 2381 δέ

286 2419 506 2503 ἀποπέμπεται.
555 2420 690 2505 μάλιστα
708 2424 738 2488 δ’
757 2421 903 2510 ἐξώτρυνε
920 2421 998 2487 κατά
1014 2427 1068 2489 τοῦ
1084 2421 1156 2487 υἲοῦ
1171 2419 1225 2486 τδν
1243 2416 1429 2506 Ἡρώδηνλῠ

288 2524 450 2611 ἐπίτροπος
466 2526 577 2591 ίκείνου
591 2526 815 2611 Ἀντίπατρος,
841 2526 922 2591 ἀλλα
936 2551 968 2591 τε
986 2524 1135 2592 κατειπών
1152 2528 1183 2591 ἐν
1200 2531 1244 2613 τῷ
1258 2526 1389 2607 βασανί-

288 2628 417 2709 ζεσθαι,
441 2630 493 2695 καὶ
519 2626 567 2695 ότι
592 2624 756 2716 φάρμακον
782 2629 849 2713 δοίη
875 2626 1026 2719 Φερώρᾳ,
1052 2625 1257 2711 ἐντειλάμενος
1282 2631 1389 2694 δοῦναι

659 2833 791 2911 δὴρόδη
808 2839 842 2895 A·
955 2830 1190 2911 λίηεδυροῦαιιι,
1206 2854 1273 2893 oorr.
1290 2828 1387 2909 ίχεμυ

391 3090 534 3145 (laetarum
553 3092 687 3145 Pherorae
707 3091 815 3145 exitium
831 3094 975 3165 Antipatro
992 3095 1117 3149 malorum
1134 3092 1315 3159 uitiatarum,
1343 3108 1390 3146 nu·

288 3159 358 3216 mine
380 3160 557 3215 fratricidium
582 3160 640 3214 eine
662 3160 811 3217 uloiooente.
846 3181 904 3216 nam
927 3165 979 3216 duo
1003 3164 1125 3217 honorati
1145 3164 1276 3216 Pherorae
1299 3162 1391 3215 liberti

288 3236 419 3299 rogarunt
442 3230 575 3283 Herodem
598 3248 632 3283 ne
655 3231 747 3283 fratris
770 3249 859 3285 necem
881 3250 983 3287 veneno
1000 3234 1096 3287 sublati
1112 3233 1217 3287 inultam
1234 3249 1294 3285 ease
1313 3240 1391 3301 pate·

287 3308 373 3354 retur.
407 3298 478 3369 qnod
494 3317 552 3353 oum
568 3300 705 3372 probabile
721 3300 868 3371 videretur,
885 3320 973 3372 regem
991 3304 1025 3356 ad
1042 3320 1096 3356 rent
1110 3303 1206 3356 certina
1218 3300 1390 3373 indagandam

287 3369 436 3439 permovit:
461 3368 569 3423 habitae
592 3379 655 3423 runt
680 3372 851 3440 quaestiones
872 3372 904 3425 de
928 3372 1080 3427 mrdieribua
1096 3371 1216 3441 ingenuis
1232 3378 1260 3423 et
1278 3371 1389 3423 anetina

290 3440 404 3493 caeteris
430 3455 488 3491 cum
511 3439 616 3493 silentio
640 3440 773 3494 cruciatur
797 3440 984 3508 tolerantibus,
1010 3458 1063 3494 una
1083 3441 1209 3510 quaedem
1232 3438 1297 3491 nibil
1320 3438 1391 3492 aliud

289 3506 358 3559 dixit
380 3507 433 3560 nisi
454 3507 526 3577 quod
548 3509 625 3563 deam
639 3518 747 3579 preorta
765 3516 806 3563 est
823 3518 854 3563 ut
870 3510 1004 3580 Antipatri
1019 3515 1120 3579 mater,
1145 3510 1269 3563 malorum
1286 3516 1390 3575 auctor,

288 3576 338 3629 teli
364 3578 522 3632 ueoeaoitate
547 3588 696 3649 urgeretur.
730 3596 762 3631 ea
787 3580 873 3632 oratio
897 3598 986 3649 regem
1009 3580 1043 3631 ad
1064 3579 1257 3649 diligentiorem
1279 3578 1392 3646 inquisi-

289 3645 386 3699 tionem
402 3646 532 3715 perpulit:
550 3665 582 3700 ac
597 3648 719 3701 mulieres
736 3648 896 3703 cruciatibus
913 3650 997 3701 auctio
1014 3664 1109 3701 aroana
1125 3648 1210 3701 omnia
1224 3647 1392 3713 detexerunt,

289 3715 505 3781 comissationes,
531 3716 645 3769 oocultoo
671 3734 840 3786 congressus,
866 3734 998 3770 sermonen
1020 3716 1156 3787 Antipatri
1178 3734 1235 3769 curn
1255 3712 1392 3768 Pherorae

289 3782 442 3837 mulieribus
468 3786 587 3851 habitor,
612 3784 698 3838 odium
722 3786 822 3855 patrie,
846 3788 1044 3841 lamentationes
1067 3786 1136 3855 apud
1160 3794 1283 3852 manem,
1318 3782 1391 3853 quod

289 3858 368 3921 pater
391 3852 539 3907 diutissime
562 3854 682 3920 viveret,
710 3854 802 3923 itaque
817 3872 846 3909 se
864 3857 1003 3909 suavitatis
1018 3854 1123 3924 imperii
1140 3872 1219 3909 eensu
1236 3854 1390 3919 cariturum,

289 3920 444 4045 {illidii
467 3923 1004 4047 ¹⁶tl¹²tttt⁰¹r0⁰ll¹tsltltl
1013 3924 1391 4046 ttlfttbnltttt‘tt

289 4010 435 4127 quaeprex
451 4008 599 4142 ’Alitipatrlr
623 4061 674 4114 iam
698 4010 773 4128 linai
792 4013 901 4116 animuir
925 4033 997 4116 suurlr
1019 4062 1189 4114 oonde'mnato
1207 4068 1317 4114 matrem
1335 4058 1389 4113 eiua

288 4127 414 4184 Doridem
437 4130 559 4199 repudiat
565 4170 574 4197 ‚
601 4137 630 4181 et
643 4146 742 4183 ornnem
759 4130 785 4181 ei
802 4132 923 4185 mundum
942 4131 1036 4202 eripit,
1054 4130 1139 4215 pretii
1155 4131 1293 4183 multorum
1309 4130 1388 4182 talen-

290 4202 353 4245 turn.
395 4200 422 4250 in
448 4198 537 4268 primia
561 4208 650 4253 tamen
672 4198 804 4251 Herodem
830 4208 923 4253 contra
949 4200 1029 4253 lilium
1053 4198 1227 4253 inflammavit
1251 4199 1387 4269 Antipater

286 4272 449 4333 procurator
470 4266 555 4334 illins,
582 4285 640 4321 eum
656 4267 708 4321 alia
724 4268 752 4320 in
771 4269 969 4339 quaestionibur
987 4270 1135 4339 conseram,
1160 4276 1215 4324 tum
1231 4267 1310 4335 illud,
1332 4280 1389 4319 eum
