3050 4900
274 301 324 351 xrs
723 275 925 346 noeman

275 479 388 534 stmrer
422 463 504 532 unde
525 461 709 534 Theodorus
728 457 933 550 Marcilins1)
953 465 1110 535 Zonaram
1126 475 1159 532 et
1172 465 1372 555 Xiphilinum

273 573 387 638 Dionis
405 569 552 652 subdigas
566 581 666 636 vocat.
717 583 749 636 et
762 583 843 635 certe
854 572 899 634 ita
913 569 954 635 de
965 571 1090 635 Zonara
1102 571 1237 636 semisse
1250 585 1371 636 constat

274 675 407 740 modam
420 675 580 754 Allatium,
599 670 699 760 “qui''
717 674 761 738 sit
774 676 825 738 ille
839 669 932 740 “licet
944 675 979 738 iu
992 675 1121 738 historia
1133 685 1206 761 post
1218 672 1371 747 Constan-

273 779 372 844 tinum
393 777 541 860 Magnum
562 777 695 842 ieiunior
718 779 776 857 sit,
801 789 833 840 et
848 777 974 842 nonnisi
989 778 1082 841 obvia
1096 797 1235 862 quasque
1247 799 1371 864 percur-

271 882 360 961 rerit,
381 881 484 944 inhia
506 901 581 945 vero
603 899 681 965 quas
703 890 776 944 ante
798 879 1036 946 Constantinum
1052 878 1094 942 ad
1114 879 1223 944 mundi
1242 881 1371 949 exordia
1474 957 1479 966 Ι

271 983 446 1066 diligentius
475 995 506 1046 et
531 982 688 1069 copiosius
715 981 888 1050 versatur.”
940 1005 1005 1048 non
1031 983 1145 1046 mirum
1167 983 1260 1064 igitur
1280 984 1310 1047 si
1330 985 1370 1047 ab

269 1085 443 1152 Alexandro
474 1085 658 1152 Brassicano
683 1086 718 1148 in
742 1085 931 1172 praefatione
959 1083 1000 1150 sd
1024 1085 1207 1151 Saluianum
1234 1086 1371 1151 sincerae

271 1189 348 1254 srdei
368 1190 546 1270 historicus,
578 1200 611 1254 et
632 1209 651 1250 a
673 1187 856 1254 casaubono
870 1179 908 1271 ²)
930 1186 1047 1252 dicatur
1065 1189 1115 1253 vir
1136 1186 1371 1254 eruditissimus.

272 1291 404 1358 Gedreoi
425 1291 525 1357 codici
543 1293 750 1380 manuscripto
771 1289 918 1356 schedam
935 1290 1137 1379 adscripsisse
1151 1290 1260 1356 dicitur
1272 1293 1371 1359 Wol-

271 1396 347 1474 fius,
373 1397 407 1460 in
428 1417 487 1482 qua
506 1397 693 1461 observabat
711 1406 840 1459 tractm
860 1393 948 1459 idem
965 1407 1178 1476 argumentum
1198 1393 1281 1480 quod
1301 1395 1369 1460 Zo-

269 1519 377 1577 naras,
404 1497 459 1563 sed
480 1500 633 1562 haberes
653 1499 777 1564 Zonara
797 1497 894 1562 multa
914 1496 955 1562 de
971 1497 1124 1562 industria
1141 1499 1369 1585 praetermissa,

269 1602 430 1666 brevitatis
450 1605 529 1666 sorte
550 1599 671 1682 studio,
698 1598 753 1664 sed
775 1613 856 1664 certe
873 1623 937 1666 nnn
956 1599 1242 1689 praetermittenda,
1269 1601 1314 1664 ita
1333 1611 1368 1664 ut

269 1705 397 1792 optione
425 1704 485 1768 sibi
511 1703 584 1768 deta
610 1706 650 1768 ab
675 1704 766 1770 initio
793 1701 969 1768 chrcuum
995 1705 1137 1769 Zonaras
1163 1705 1369 1791 praetulisset.

269 1808 338 1894 qui,
371 1808 472 1894 inquit
496 1797 727 1890 Xylander³),
760 1827 864 1893 aquo
888 1808 965 1872 haec
984 1828 1026 1872 ex
1045 1807 1167 1876 Wolfio
1189 1810 1369 1883 referuntur,

268 1907 309 1972 ad
330 1930 367 1973 es
389 1912 526 1996 respexit
543 1910 725 1996 praecipue,
749 1931 827 1996 quae
841 1908 966 1974 aliunde
979 1929 1073 1996 quam
1086 1931 1127 1974 ex
1140 1931 1180 1974 eo
1193 1911 1292 1995 repeti
1304 1931 1370 1971 non

267 2024 415 2100 possunt,
448 2033 517 2076 cum
544 2010 605 2078 duo
627 2014 746 2100 priores
765 2013 908 2078 Zonaras
930 2014 1010 2078 tomi
1030 2015 1123 2095 longe
1145 2013 1284 2097 alioquin
1306 2012 1368 2074 sint

266 2113 412 2178 meliores
434 2134 469 2176 ae
490 2113 582 2178 lande
604 2114 776 2198 digniores,
799 2136 893 2202 qnam
911 2137 950 2181 sa
970 2136 1050 2202 quae
1071 2114 1112 2179 ad
1130 2115 1368 2182 Constantinum

266 2235 363 2300 nsque
395 2214 545 2295 Magnum
577 2214 734 2280 Gedrenus
770 2221 903 2300 collegit.
953 2221 1059 2284 scribit
1091 2231 1250 2307 praeterea
1280 2215 1367 2280 idem

266 2319 405 2383 Wolfius
419 2307 459 2399 4)
486 2317 643 2380 Zonaram
665 2317 742 2378 alias
764 2323 966 2401 prolixiorem
988 2321 1107 2403 videri,
1135 2333 1170 2386 ut
1188 2323 1223 2385 in
1241 2317 1368 2384 Iudaica

265 2421 411 2501 historia,
433 2420 508 2485 alias
522 2419 711 2498 breviorem,
732 2419 811 2481 utin
824 2431 999 2485 exterarum
1009 2425 1146 2502 gentium
1158 2426 1249 2487 rebus
1261 2422 1368 2500 gestis.

265 2525 298 2589 in
313 2546 373 2611 quo
388 2522 514 2609 quidem
529 2524 557 2588 si
570 2543 630 2609 qua
643 2522 731 2608 culpa
745 2521 913 2586 commissa
926 2534 989 2603 est,
1007 2524 1238 2587 excusationem
1251 2522 1365 2586 lrabere

264 2626 365 2694 videri
384 2628 479 2706 hanc,
504 2624 586 2713 quod
601 2627 668 2713 ipse
682 2646 746 2688 non
761 2646 802 2689 ex
818 2645 874 2689 suo
887 2624 1015 2706 ingenio
1028 2624 1221 2711 deprompsit
1234 2645 1271 2688 es
1285 2646 1366 2710 quae

265 2731 402 2818 scripsit,
428 2727 484 2794 sed
507 2752 547 2794 ex
565 2730 662 2794 variis
685 2728 859 2791 auctoribus
880 2729 1005 2791 collecte
1026 2728 1061 2792 in
1083 2738 1199 2793 certum
1222 2725 1367 2793 ordinem

264 2831 399 2913 redegit:
424 2834 477 2918 qui
501 2845 639 2897 auctores
662 2832 741 2895 inter
762 2852 797 2893 se
818 2830 1018 2895 dissimillimi
1030 2840 1112 2897 sunt.
1162 2828 1245 2918 quod
1260 2843 1366 2897 autem

262 2958 326 3001 nun
346 2936 453 2999 omnia
471 2946 647 3021 persecutus
666 2945 729 3014 est,
754 2954 818 2999 nno
832 2944 898 2999 tam
908 2934 1094 3018 negligentia
1111 2953 1204 3020 quarn
1218 2932 1258 2999 de
1270 2933 1364 2998 indu-

261 3039 336 3107 stria
352 3038 472 3102 fecisse.
976 3094 982 3105 ,

364 3142 500 3220 Verum,
526 3140 597 3205 licet
622 3139 655 3203 in
681 3140 722 3205 iis
749 3162 828 3227 quse
854 3154 927 3229 post
952 3140 1187 3207 Gonsmntinum
1212 3140 1363 3223 Magnum

261 3245 383 3331 scripsit
398 3246 491 3309 obvia
506 3264 644 3329 quaeque
657 3264 830 3329 percurrere
844 3246 999 3310 Zonaram
1013 3244 1094 3308 dicat
1105 3245 1249 3323 Allatius,
1269 3246 1361 3325 longe

262 3349 350 3412 aliter
362 3359 465 3412 tamen
478 3348 614 3411 sensisse
626 3346 748 3414 videtur
761 3351 863 3412 exacti
872 3350 920 3413 vir
928 3346 1035 3412 iudicii
1043 3348 1195 3411 Henricus
1203 3347 1360 3425 Valesius,

262 3451 316 3537 qui
339 3473 402 3515 non
426 3448 522 3514 modo
543 3460 699 3514 auctorem
719 3463 767 3515 sat
787 3450 966 3539 diligentem
986 3449 1070 3513 lraud
1090 3452 1189 3515 semel
1207 3448 1359 3529 indigitat,

262 3550 319 3617 sed
347 3564 379 3615 et
406 3553 440 3617 in
463 3553 503 3627 iis
526 3554 708 3639 praesertim
730 3576 809 3639 quae
829 3552 971 3619 eiusdem
992 3553 1186 3620 Constantini
1207 3550 1359 3613 familiam

261 3666 415 3741 spectant,
449 3657 666 3721 accuratiorem
691 3678 784 3742 quam
809 3656 844 3724 in
868 3658 1014 3736 caeteris,
1044 3674 1144 3737 neque
1168 3652 1238 3715 aliis
1263 3652 1357 3716 nbria

260 3758 362 3823 dicere
383 3760 527 3825 observat
538 3748 586 3840 ⁶).
638 3770 670 3822 et
689 3778 764 3823 sane
777 3760 997 3845 quanquamin
1008 3750 1205 3821 recensendis
1218 3750 1357 3843 (ipolito-

328 4020 365 4089 1)
399 4020 427 4074 irr
445 4024 501 4075 not.
516 4020 551 4075 nd
568 4020 679 4077 anum.

326 4090 363 4159 d)
398 4089 431 4143 ad
447 4090 519 4143 nist.
538 4090 606 4157 Aug.
625 4108 652 4159 p.
669 4088 735 4155 20²,
754 4088 773 4141 ἣ
789 4086 832 4141 sd.

326 4159 364 4227 3)
398 4158 427 4211 in
444 4160 558 4229 praefat.
576 4157 610 4212 ad
627 4156 741 4211 Csdrsu.

327 4228 366 4295 4)
398 4227 428 4279 irr
442 4228 556 4295 praelat.

327 4296 363 4367 ὑ)
397 4292 668 4353 hnouadlihld
684 4290 820 4349 dmutimi.
