3050 4900
241 317 373 368 xxxvnt
569 295 817 365 HlERONYlss
841 293 1009 365 wonrn

241 487 407 552 immutare
426 486 483 552 rix
502 483 688 551 conceditur.
738 497 774 548 ut
785 484 879 566 igitur
891 483 992 548 oratio
1002 480 1304 569 interpratisLntina
1315 495 1348 546 et

242 611 320 681 pura
334 591 390 670 sit,
411 590 480 679 ipsa
493 601 598 656 tamen
612 590 798 678 compositio
812 585 974 654 horridum
987 583 1138 673 quiddam
1150 596 1241 672 atque
1254 606 1348 674 aspe-

115 707 122 722 '
242 717 314 760 rum
336 705 440 774 sonat,
465 696 615 760 memhris
636 707 668 758 et
687 695 827 780 portibus
847 692 916 756 eius
934 713 998 757 non
1016 693 1115 754 multo
1129 691 1349 776 meliusquam

243 820 336 865 arena
357 799 425 862 sine
442 802 522 864 calce
536 799 782 865 cohaerentibus.
833 817 913 882 quaa
926 795 1004 861 visin
1016 797 1070 882 qui
1082 794 1218 875 elingere
1231 796 1348 873 volunt,

243 905 278 968 in
291 899 374 966 aliud
388 903 513 984 grarim
525 906 706 992 plerumque
719 898 874 980 incidunt,
900 911 935 964 ut
948 898 1024 965 dum
1037 900 1173 964 orationi
1185 895 1350 984 poliendae

243 1018 275 1072 et
296 1005 496 1071 exornandae
516 1009 659 1096 impense
681 1004 821 1085 student,
853 1005 893 1066 ah
917 1005 1052 1068 rumoris
1074 1003 1236 1067 sententiis
1259 1004 1351 1083 longe

242 1111 399 1191 aberrent,
425 1123 458 1176 et
478 1113 666 1193 gravissimo
686 1108 836 1198 perfidiae
856 1109 985 1172 &mine
998 1128 1033 1171 se
1047 1108 1248 1186 obstringant.
1299 1106 1351 1168 his

245 1211 455 1280 incommodis
477 1227 566 1280 acute
587 1215 772 1303 perspectis,
797 1233 922 1276 summo
944 1212 1072 1294 ingenio
1093 1221 1126 1274 et
1146 1209 1286 1273 doctrina
1303 1208 1353 1272 vir

246 1315 381 1382 Ioannes
401 1317 549 1386 Iovianus
572 1320 729 1386 Pontanus
750 1313 905 1407 praeclare
924 1316 1062 1406 scripsit,
1087 1315 1181 1378 malle
1194 1335 1230 1378 se
1242 1333 1353 1398 quem-

247 1441 307 1508 que
327 1422 437 1486 afferre
456 1443 529 1504 sus,
555 1444 648 1510 quam
662 1423 775 1488 offerre
788 1424 905 1486 alienas
931 1432 962 1484 st
976 1417 1060 1506 quod
1073 1418 1212 1505 scripsit,
1236 1419 1306 1504 ipse
1319 1417 1354 1480 in

246 1521 388 1590 doctrina
405 1547 529 1591 morum
550 1539 582 1591 et
599 1549 702 1591 rerum
717 1526 898 1590 caelestium
911 1521 1094 1612 explicanda
1108 1523 1196 1601 fecit,
1218 1521 1355 1606 aphilo·

247 1627 355 1714 sophis
370 1641 402 1693 ct
415 1631 579 1712 astrologis
593 1632 690 1718 petita
704 1631 851 1709 materia,
872 1649 968 1715 quam
979 1649 1037 1692 suo
1052 1627 1199 1690 arbitratu
1212 1637 1245 1687 et
1258 1625 1356 1688 collo-

247 1742 330 1794 caret
343 1743 375 1795 et
387 1746 560 1799 exornaret.
611 1733 668 1798 sed
681 1735 759 1799 tanti
772 1734 834 1800 viri
847 1734 1026 1819 exemplum
1038 1751 1098 1811 ego
1111 1729 1245 1805 imitari,
1263 1747 1355 1814 pree-

249 1833 357 1898 sertim
369 1836 403 1899 in
417 1839 477 1901 hoc
491 1839 596 1926 scripti
610 1859 738 1919 genere,
766 1850 798 1900 et
810 1838 930 1917 ingenii
941 1836 1092 1900 tenuitate
1105 1844 1139 1896 et
1152 1833 1221 1894 eliis
1235 1832 1358 1894 incom-

247 1935 353 2002 modis
366 1938 551 2026 impeditus,
573 1962 672 2026 neque
685 1943 807 2028 possim
821 1961 922 2025 neque
936 1939 1047 2004 ausim.
1098 1934 1175 2000 illud
1186 1936 1268 2028 mihi
1281 1933 1358 1998 satis
1451 2003 1461 2014 ,

247 2041 323 2119 tuit,
345 2053 379 2104 ut
393 2045 561 2108 sententies
575 2045 657 2109 hona
670 2043 733 2108 fide
745 2043 970 2132 appenderem,
992 2053 1025 2104 et
1037 2039 1188 2118 dictione,
1209 2048 1359 2123 quantum

249 2143 319 2230 ipse
332 2155 438 2208 auctor
452 2157 484 2209 et
497 2148 648 2212 orationis
662 2168 753 2211 meee
763 2158 929 2235 paupertas
939 2157 1109 2233 pateretur,
1124 2162 1219 2229 quam
1228 2142 1360 2204 minime

251 2264 362 2331 aspera
381 2257 484 2310 uterer
502 2260 557 2311 aut
573 2251 714 2316 barbara.
765 2272 824 2314 nec
844 2261 949 2313 tamen
963 2251 1033 2336 ipse
1044 2248 1126 2312 mihi
1138 2248 1252 2331 ubique
1266 2245 1361 2308 satie·

251 2348 327 2427 feci,
354 2359 385 2410 et
400 2348 434 2411 in
449 2370 540 2413 mese
552 2351 743 2414 infelicitatis
756 2365 845 2436 parte
857 2354 1037 2438 numerari,
1063 2349 1146 2437 quod
1158 2351 1193 2413 in
1205 2361 1363 2414 auctorem

252 2441 484 2517 luculentiorem
508 2476 571 2519 non
594 2452 788 2517 incidissem.
836 2474 900 2516 non
923 2452 1008 2536 quod
1025 2454 1108 2516 hunc
1127 2450 1362 2540 reprehendam,

254 2552 310 2618 sed
325 2548 408 2642 quod
422 2576 532 2622 vereor
545 2578 586 2620 ne
600 2558 639 2621 nb
653 2558 722 2621 aliis
733 2556 803 2643 ipse
814 2552 1039 2641 reprehendar,
1066 2556 1120 2640 qui
1131 2555 1211 2617 nihil
1225 2555 1288 2616 nisi
1300 2556 1363 2617 llo-

253 2679 322 2721 rem
340 2657 485 2725 dictionis
507 2672 690 2747 sequuntur,
714 2660 768 2745 qui
781 2662 920 2746 prolecto
932 2658 966 2720 in
980 2657 1130 2720 brevitate
1143 2657 1301 2719 annalium
1312 2657 1363 2720 lo·

255 2784 326 2825 cum
340 2766 521 2833 nonhabet.
571 2766 742 2830 ubertatem
755 2762 841 2827 Livii
852 2762 999 2848 qnaerisl
1025 2772 1057 2822 at
1069 2759 1220 2823 orationis
1232 2758 1363 2824 divitiae

255 2886 326 2929 cum
344 2881 524 2955 paupertate
542 2890 645 2934 rerum
659 2870 889 2947 coniungantur.
940 2863 1133 2945 diligentiam
1144 2865 1177 2927 in
1189 2865 1365 2927 minutissi-

254 2968 316 3031 mis
331 2972 502 3057 quibusque
515 2971 737 3058 persequendis
749 2970 911 3057 postulas‘l
934 2970 1020 3053 etqui
1029 2968 1063 3030 in
1073 2969 1264 3031 immensum
1273 2969 1364 3031 rolu-

255 3092 331 3133 men
351 3086 506 3137 excrescet
526 3076 674 3155 historia,
695 3096 753 3137 nec
775 3074 841 3136 iam
859 3072 1079 3159 compendium
1093 3072 1152 3135 erit
1165 3067 1222 3133 sed
1235 3069 1365 3157 dispen-

200 3258 204 3265 Ι
257 3171 345 3237 dium
364 3186 418 3253 aut
434 3178 538 3263 potius
552 3180 677 3249 lurtum.
728 3196 804 3239 nam
817 3196 911 3262 quem
924 3174 1294 3262 prolixitesrolominum
1307 3173 1366 3237 de·
1479 3174 1484 3181 “

256 3279 362 3357 lactat,
380 3277 409 3342 is
424 3300 488 3343 non
502 3280 655 3367 epitomas
668 3278 726 3344 sed
737 3280 885 3344 historias
898 3281 990 3360 leget.
1041 3300 1118 3365 quas
1130 3280 1159 3344 si
1172 3298 1283 3343 omnes
1296 3298 1366 3341 me·

257 3382 364 3461 minit,
381 3382 461 3445 bene
475 3394 539 3447 est:
557 3384 606 3449 sin
619 3384 739 3465 minus,
753 3384 877 3448 Zonara
890 3394 1039 3468 tanquam
1050 3381 1153 3447 indice
1167 3394 1200 3447 et
1211 3382 1366 3448 monitore

180 3578 182 3585 .
258 3492 376 3565 utatur3
401 3506 437 3548 ac
451 3486 564 3568 cogitet
576 3488 653 3553 nihil
667 3490 707 3552 ah
720 3488 808 3554 omni
820 3500 907 3577 parte
919 3488 1145 3568 heatumesse,
1172 3498 1204 3551 et
1215 3487 1367 3572 multipli-

260 3607 329 3651 cem
349 3588 506 3654 reriarum
526 3612 629 3655 rerum
651 3594 685 3656 in
705 3614 768 3657 uno
788 3614 854 3657 non
873 3588 1065 3677 usqueadeo
1078 3612 1193 3672 magno
1206 3589 1367 3655 volumine

262 3692 471 3772 cognitionem
492 3697 565 3778 styli
583 3694 806 3776 incommodis,
830 3696 859 3760 si
879 3716 940 3781 qua
958 3708 1046 3776 sunt,
1066 3703 1234 3780 comparat.
1287 3711 1367 3778 quae

261 3796 340 3861 ratio
354 3814 405 3861 me
419 3819 541 3884 quoque
552 3800 654 3864 morit
665 3812 699 3863 ut
711 3822 774 3863 non
786 3802 1037 3885 conquiescerem
1047 3799 1134 3884 prius
1147 3816 1241 3882 quam
1254 3816 1368 3874 saxum

262 3897 338 3979 hoc,
353 3899 436 3985 quod
449 3914 515 3968 toto
527 3905 587 3967 hoc
600 3922 683 3968 anno
696 3904 835 3984 versari,
850 3901 890 3965 ad
903 3902 1019 3968 montis
1030 3921 1177 3965 cacumen
1186 3898 1369 3988 perductum

262 4000 390 4067 tandem
412 4004 577 4091 aliquando
599 4008 806 4088 constitisset,
823 4008 950 4088 ,ingenti
969 4007 1074 4093 utique
1094 4006 1200 4069 labore
1217 4016 1250 4069 et
1261 4004 1369 4067 multis

263 4102 442 4188 sudoribus,
461 4129 641 4197 quocunque
652 4108 782 4175 tandem
792 4122 916 4176 evento.
967 4130 1042 4173 nam
1055 4122 1089 4174 ut
1103 4107 1143 4173 de
1156 4107 1370 4175 conversionis

263 4208 362 4295 ipsius
385 4214 540 4279 aerumnis
560 4227 697 4296 taceam,
718 4225 866 4301 quantum
886 4212 1076 4281 difficultatis
1094 4215 1131 4279 in
1147 4215 1217 4299 ipsa
1237 4210 1370 4275 lectione

263 4312 322 4377 suit
343 4316 383 4378 oh
406 4314 595 4383 characteres
617 4320 866 4403 elegantissimos
887 4318 959 4383 illos
980 4317 1107 4405 quidem
1121 4315 1177 4383 sed
1191 4320 1271 4380 lectu
1284 4312 1371 4377 diffi-
