3050 4900
255 245 337 296 xxrv
704 224 907 294 DUCANGII

357 411 512 480 Laudatur
524 423 680 500 praeterea
693 409 834 478 eiusdem
847 414 989 478 Zonaras
1002 411 1155 494 Lexicon,
1181 414 1220 479 de
1234 438 1296 502 quo
1309 419 1353 481 ita

253 517 405 606 Iosephus
428 518 564 597 Scaliger
584 519 617 580 in
639 516 770 603 epistola
791 515 831 580 ad
851 515 995 580 isaacum
1016 516 1247 598 casaubonum,
1275 541 1355 605 quae

254 635 303 686 est
323 620 365 686 48
384 623 465 684 inter
482 619 703 701 Scaligerianas
724 618 824 684 editas
844 615 926 700 “ego
942 642 1064 707 quoque
1076 619 1187 685 videor
1200 625 1278 685 mihi
1292 646 1356 686 non

254 725 401 789 inutiliter
412 725 553 788 Zonarae
567 723 704 787 Lexicon
718 734 860 803 tractare,
877 722 960 809 quod
974 735 1022 786 est
1033 725 1065 786 in
1079 725 1165 787 libris
1176 728 1275 788 soceri
1285 725 1356 788 tui''

256 828 401 909 (Henrici
421 827 590 912 Stephani)
611 821 662 890 “si
680 846 735 912 per
750 838 780 888 te
793 837 825 888 et
838 827 964 888 affinem
978 839 1065 889 tuum
1078 826 1208 890 Paulum
1221 829 1356 914 Stepha-

188 913 190 917 ’
255 952 331 994 num
346 931 412 993 eius
426 929 727 993 usurabrevismihi
742 929 931 1009 contingat.'’
975 927 1042 1008 [ed.
1057 931 1096 992 ab
1112 935 1139 995 I.
1154 937 1198 998 A.
1212 937 1257 996 Η.
1277 937 1358 994 atu-

255 1057 367 1100 manno
381 1033 466 1118 Lips.
482 1035 564 1096 1808
587 1037 609 1096 2
621 1032 685 1097 rol.
700 1029 731 1097 4.
757 1030 814 1095 sed
827 1030 867 1094 de
878 1043 1001 1094 auctore
1013 1030 1105 1097 ratde
1119 1031 1252 1112 dubito]
1304 1035 1310 1042 ’

354 1135 500 1200 Meminit
527 1133 660 1219 denique
684 1132 819 1199 loannes
845 1133 1019 1214 Fontanus,
1045 1134 1080 1198 in
1101 1137 1293 1223 praefatione
1314 1133 1356 1198 ad

254 1237 415 1304 historiam
434 1236 562 1302 Ioannis
583 1236 803 1318 Cantacuzeni,
826 1236 1009 1325 poiimatum
1020 1235 1148 1302 loannis
1160 1239 1303 1304 Zonarm
1315 1236 1358 1302 aa

254 1341 458 1406 Processiona
471 1341 597 1428 spiritus
611 1340 725 1420 sancti,
751 1361 830 1427 quae
846 1361 865 1402 a
879 1337 1078 1406 Genehrardo
1091 1341 1282 1405 in-Latinam
1294 1342 1358 1405 lin-

254 1466 348 1527 guam
368 1465 515 1510 conversa
531 1465 601 1507 esse
615 1445 771 1510 observat.
824 1465 861 1506 ea
875 1465 945 1506 cum
958 1445 991 1507 in
1004 1445 1149 1508 omnibus
1162 1446 1227 1508 iere
1243 1445 1359 1509 biblio·

255 1549 354 1612 thecia
374 1559 480 1612 exacta
501 1548 577 1611 satis
597 1544 736 1610 adhibita
754 1545 912 1627 diligentia
927 1547 1162 1632 conquisierim,
1187 1570 1244 1612 nec
1258 1547 1359 1634 reperi

255 1653 388 1714 necubi
409 1663 441 1714 et
459 1652 493 1714 in
516 1671 576 1736 quo
599 1648 790 1715 Genahrardi
809 1649 967 1715 volumine
987 1647 1070 1712 edita
1091 1652 1152 1714 sint
1171 1653 1210 1713 ab
1232 1652 1359 1713 huiusce

255 1754 339 1819 urhis
359 1754 435 1819 viris
456 1752 554 1816 doctis
568 1754 680 1817 rescire
695 1753 783 1841 potui
796 1742 844 1836 ¹).
894 1753 939 1816 sic
951 1775 1042 1840 porro
1054 1752 1213 1818 Pantanus
1228 1750 1360 1822 “Zona-

203 1913 206 1921 i
253 1876 322 1919 ram
342 1857 439 1919 fuisse
459 1857 687 1920 schismaticum
708 1856 815 1919 testari
833 1867 964 1943 possunt
985 1857 1052 1919 eius
1072 1857 1217 1943 pob'mata
1237 1857 1360 1918 aculea-

253 1957 376 2024 tissima
398 1957 437 2022 de
457 1960 656 2046 processione
673 1959 771 2022 sancti
783 1959 924 2045 spiritus,
950 1959 1054 2022 atalia
1068 1957 1217 2024 adversus
1231 1960 1360 2022 Latinos

255 2059 442 2147 composita,
457 2083 536 2146 quae
550 2061 766 2127 Genebrardus
779 2059 853 2124 dum
862 2073 1067 2141 converteret,
1085 2083 1119 2126 se
1131 2061 1361 2124 criminationes

255 2163 325 2226 illas
346 2163 491 2224 omisisse
513 2164 649 2226 narrat.³’
703 2186 782 2250 quae
803 2163 930 2250 quidem
949 2166 1108 2252 ipsissima
1121 2164 1253 2231 Pontani
1265 2163 1360 2229 rerba

257 2265 420 2350 exscripsit
433 2264 560 2329 Allatiua
574 2265 606 2326 in
622 2263 831 2346 Creygtonum
844 2259 893 2348 ²).

356 2365 524 2434 Enimvero
547 2380 669 2454 praeter
692 2366 930 2454 supralaudato
953 2367 1080 2431 loannis
1101 2369 1244 2433 Zonarae
1265 2389 1361 2456 opera

257 2471 506 2534 circumferuntur
532 2471 651 2559 passim
677 2470 711 2532 in
741 2468 936 2532 bibliothecis
965 2467 1125 2555 Epistolae
1157 2471 1360 2551 dogmaticae,

256 2574 448 2643 continentes
470 2574 681 2638 obscuriorum
703 2593 807 2636 sacrae
828 2570 1002 2658 Scripturae
1020 2572 1158 2635 locorum
1177 2574 1361 2660 explicatio-

258 2696 344 2756 nem,
364 2698 492 2741 numero
507 2698 564 2740 sex
578 2688 608 2738 et
621 2676 855 2761 quinquaginta,
870 2695 999 2760 quarum
1010 2674 1124 2737 seriem
1137 2688 1169 2737 et
1181 2689 1361 2757 argumenta

257 2776 419 2866 descripsit
440 2782 549 2843 Petrus
571 2779 755 2841 Lamhecius
769 2770 822 2860 ³);
847 2798 924 2863 quas
944 2774 1071 2864 quidem
1089 2776 1202 2843 loanni
1218 2779 1362 2845 Zonaras

257 2880 384 2967 quidam
405 2880 541 2960 codices,
563 2882 617 2943 alii
637 2880 783 2945 Michaeli
800 2879 924 2964 Glycae.
934 2879 1125 2961 adscribunt,
1148 2881 1228 2948 adeo
1240 2895 1274 2945 ut
1286 2883 1362 2945 hac-

257 2995 348 3047 tenus
362 2972 649 3053 incertum'maneat
662 2985 757 3047 utrius
772 2984 851 3046 sint:
876 2986 1042 3048 tametslln
1055 3006 1125 3047 eam
1133 2985 1276 3048 videatur
1286 3008 1361 3060 con-

258 3086 367 3149 cedere
386 3088 572 3150 sententiam
589 3086 654 3148 Leo
669 3086 797 3149 Allatius
811 3078 850 3167 4)
869 3098 903 3149 ut
917 3086 1034 3169 Glycae
1048 3090 1152 3174 potius
1166 3089 1234 3151 illas
1248 3090 1362 3151 tribuat

259 3210 351 3276 quam
374 3190 530 3269 Zonaras,
556 3190 610 3251 uhi
634 3189 677 3250 ita
699 3189 804 3253 scribit
824 3184 924 3253 “haec
947 3200 978 3252 et
1001 3192 1061 3252 alia
1081 3190 1216 3254 lliicbael
1238 3188 1360 3273 Glycas‚

260 3292 391 3380 epistola
418 3292 493 3357 satis
520 3294 641 3379 prolixa
668 3290 708 3355 ad
734 3289 929 3357 loannlcium
951 3294 1138 3357 monachum
1160 3306 1219 3360 etc.
1269 3294 1361 3357 huius

259 3399 355 3460 etiam
376 3397 541 3483 epistolam
562 3394 601 3466 de
620 3396 678 3459 hac
696 3394 808 3463 eadem
823 3419 856 3460 re
870 3418 905 3461 sa
918 3396 1031 3478 legisse
1043 3398 1149 3461 scribit
1162 3395 1361 3463 casaubonus

262 3638 322 3675 esse
350 3620 398 3675 sed
426 3622 562 3694 Zonaras,
596 3642 681 3695 nuper
708 3622 832 3694 exposuit
856 3624 987 3684 Ernestus
1014 3626 1147 3681 Dronkr'ns
1179 3623 1238 3690 (De
1265 3622 1364 3684 Nicetn

261 3690 372 3745 Doride.
400 3692 486 3749 eona.
513 3695 590 3751 1839.
614 3696 659 3761 i).
703 3694 815 3747 Nicetes
841 3693 1082 3765 interpretationem
1107 3693 1228 3745 zonam
1256 3693 1363 3749 videtur

260 3758 446 3829 amplificasse,
474 3770 505 3817 ut
520 3764 599 3819 facile
615 3762 723 3831 utrique
738 3760 841 3813 libellus
858 3764 1030 3818 tribueretur.
1066 3762 1189 3814 Zonaras
1205 3764 1365 3883 prooemium

260 3846 319 3881 curn
335 3829 563 3887 Tetrasticborurn
579 3830 754 3901 explicatione
771 3830 870 3882 hahere
887 3833 973 3885 tarem
990 3830 1072 3883 codex
1089 3829 1189 3898 Regius
1229 3832 1364 3885 arisieosis

260 3896 328 3981 993,
363 3901 461 3955 saeculi
486 3902 537 3956 XV
561 3900 692 3967 ineuntis,
716 3904 819 3971 emptus
840 3900 921 3970 penio
947 3906 1009 3971 past
1032 3899 1163 3954 Zonarcrn
1187 3917 1204 3958 a
1227 3901 1364 3973 Dncsagio

207 4084 209 4089 ,
261 3968 386 4132 omnini]
399 4020 443 4105 [r.
464 4038 581 4093 Fabricii
595 4034 720 4095 Biblioth·
736 4052 780 4106 gr.
796 4040 861 4090 tom.
878 4034 904 4087 X
921 4034 1031 4107 (1721)
1048 4054 1077 4111 p.
1094 4036 1148 4095 245
1163 4057 1191 4094 v.
1210 4038 1255 4107 i·]

330 4107 368 4237 lii
403 4104 534 4230 lih.3i6iia
551 4174 621 4227 Bibl.
641 4174 750 4227 Caesar.

330 4244 367 4311 4)
403 4251 493 4295 contra
510 4242 657 4311 Creygton.
674 4260 701 4313 p.
718 4240 779 4299 544.
