3050 4900
573 279 821 350 PRAEFATIO.
1119 367 1125 375 ι
1158 307 1250 353 mv

137 469 358 534 voluminibus
378 469 516 534 membra
538 481 570 534 st
591 481 694 558 partes
713 471 784 536 eius
800 469 835 534 in
853 489 950 535 unum
966 467 1127 556 quoddam
1139 493 1249 560 corpus

137 570 323 654 redigendi,
344 593 377 636 ea
389 572 606 639 moderatione
617 572 773 655 adbibita,
795 585 829 638 ut
840 575 938 639 instar
950 575 1026 638 lauti
1040 575 1143 656 magis
1156 597 1249 660 quam

137 678 269 764 copiosi
285 677 487 744 convivatoris
501 677 620 764 optima
633 679 736 766 potius
746 699 840 765 quarn
849 680 982 767 plurima
992 691 1179 766 apponeret,
1192 701 1250 742 nec

134 781 295 844 convivas
308 801 375 844 cum
387 779 515 846 fastidio
528 779 711 863 dimitteret,
725 782 782 848 sed
791 785 836 846 ita
844 783 989 861 allectos,
1004 795 1036 844 ut
1045 781 1250 847 Timotheum

133 881 177 944 de
200 883 330 950 Platone
352 883 473 950 dixisse
484 887 601 966 semol,
626 907 717 950 cenas
731 885 800 951 eius
813 888 910 950 etium
922 883 1073 978 postridie
1086 883 1249 949 delectare.

133 984 255 1068 delegit
275 986 360 1052 enim
373 989 509 1054 sibinen
522 989 665 1055 omnium
678 989 734 1056 ssd
748 991 981 1078 praecipuarum
994 989 1133 1071 gentium
1145 989 1248 1054 bisto-

130 1090 212 1171 rias,
229 1112 335 1178 neque
348 1112 542 1173 aesomnes,
557 1092 615 1160 sed
627 1094 680 1160 rel
691 1095 871 1184 praecipuas
884 1091 1035 1158 duntaxat
1043 1095 1095 1159 vel
1104 1113 1157 1158 eas
1166 1113 1246 1178 quae

129 1191 171 1256 ed
192 1195 349 1260 ecclesiae
369 1197 483 1262 sarim
503 1196 751 1286 perspiciendam
770 1201 872 1264 lacera
889 1195 1090 1278 ridebantur,
1116 1197 1246 1262 consilio

129 1293 317 1385 iudicioque
333 1321 402 1366 suo.
452 1299 537 1387 quod
549 1303 618 1368 sive
630 1301 769 1391 probarit
781 1303 850 1368 sire
862 1323 926 1366 non
939 1301 1077 1390 probarit
1090 1301 1246 1381 omnibus,

130 1400 191 1466 boc
204 1403 256 1466 illi
270 1425 343 1500 cum
355 1403 479 1485 multis,
491 1403 567 1470 illud
579 1427 648 1470 cunr
657 1406 854 1495 paucissimis
863 1405 1079 1492 scriptoribus,
1092 1424 1133 1467 na
1142 1401 1245 1468 dicam

129 1505 241 1587 nullis,
263 1527 430 1572 commune
443 1508 511 1573 erit.
561 1510 691 1574 inbono
707 1523 811 1574 taruco
824 1531 880 1598 spe
893 1530 980 1588 sum,
999 1511 1068 1572 lore
1078 1509 1180 1594 plures
1190 1507 1245 1592 qui

127 1607 226 1674 aride
246 1613 403 1699 accepturi
424 1623 455 1676 et
472 1613 566 1694 gratis
581 1615 695 1680 animis
710 1615 770 1680 boc
783 1635 862 1702 opus
875 1613 1031 1700 pellecturi
1044 1611 1125 1692 sint,
1151 1631 1245 1696 quam

126 1711 180 1797 qui
192 1717 405 1804 contempturi
417 1727 470 1778 eut
481 1717 704 1781 calumniaturi.
753 1714 1244 1782 morosorumreroetobtrecta·

125 1826 233 1882 torum
250 1821 389 1905 querelas
404 1831 495 1906 atque
510 1823 633 1887 aculeos
648 1823 717 1907 quis
731 1821 896 1886 bominum
910 1819 1081 1906 dearumve
1096 1815 1244 1894 effugisti

125 1919 262 2004 quibus,
284 1923 347 1986 nisi
360 1921 444 2010 quod
457 1924 520 2012 ipsi
533 1925 685 2004 lecerunt,
706 1926 785 1990 nihil
799 1926 915 2013 placet:
940 1942 976 1982 uc
989 1940 1031 1980 ne
1044 1916 1108 2002 ipsi
1120 1915 1246 2002 quidem

122 2021 186 2086 sibi
201 2026 322 2111 ubique
334 2029 410 2092 satis
422 2029 561 2114 placent,
577 2030 694 2114 alioqui
708 2051 771 2093 non
785 2029 864 2090 alias
877 2021 961 2085 aliud
974 2020 1140 2106 probarent
1153 2031 1244 2104 atque

120 2124 353 2214 improbarent.
403 2153 468 2194 non
487 2131 607 2196 infitior
619 2151 715 2216 posse
730 2126 999 2193 videriZouaram
1007 2122 1082 2185 elias
1090 2123 1243 2209 prolixio-

118 2251 216 2308 rem,
244 2243 278 2294 ut
297 2234 332 2296 in
351 2229 478 2294 Iudaica
494 2233 643 2309 historia,
670 2231 747 2292 aliea
763 2228 949 2306 breviorem,
975 2227 1053 2288 utin
1068 2236 1251 2308 exterarum

120 2333 276 2412 gentium
287 2335 380 2397 rebus
393 2331 499 2412 gestia.
549 2334 582 2396 in
595 2353 655 2417 quo
669 2332 698 2396 ai
711 2351 771 2416 qua
784 2332 869 2416 culpa
882 2331 1049 2394 commissa
1062 2341 1127 2409 est,
1145 2353 1240 2394 excu-

120 2435 291 2499 sationem
312 2435 427 2499 babere
447 2431 568 2501 ridetur
588 2435 682 2514 benc,
709 2431 792 2520 quod
810 2434 880 2521 ipsa
900 2457 962 2499 non
982 2456 1024 2499 ex
1040 2456 1098 2499 suo
1112 2433 1239 2515 ingenio

123 2536 326 2625 deprompsit
340 2559 377 2601 ea
393 2558 470 2623 quae
483 2538 620 2626 scripsit,
647 2536 702 2603 aed
717 2560 759 2602 ex
772 2539 869 2603 variis
883 2540 1057 2602 auctoribus
1070 2540 1194 2601 collecta
1205 2539 1239 2601 in

124 2654 246 2705 eertum
260 2638 401 2705 ordinem
414 2638 550 2723 redegit3
575 2642 628 2727 qui
641 2653 783 2707 auctores
796 2642 926 2705 interae
939 2640 1141 2705 dissimillimi
1155 2651 1239 2705 sunt.

125 2743 210 2828 quod
231 2756 335 2809 autem
354 2766 417 2809 non
431 2746 537 2809 omnia
550 2756 727 2831 persecutus
740 2755 805 2823 est,
826 2748 959 2808 fortasse
973 2765 1037 2807 non
1052 2744 1238 2821 negligentia

128 2846 182 2911 sed
196 2846 238 2917 da
252 2848 403 2912 industrie
418 2850 499 2911 lecit.
551 2868 626 2913 nam
639 2848 783 2913 omnium
796 2846 935 2926 gentium
948 2857 1041 2929 atquo
1053 2843 1176 2907 urbium
1187 2864 1237 2907 res

128 2962 230 3029 gestos
245 2950 418 3017 describere
429 2952 577 3015 immensi
590 2963 639 3015 est
651 2951 770 3033 negotii
783 2960 876 3035 atque
889 2944 969 3012 adeo
981 2946 1112 3025 infiniti,
1141 2955 1174 3011 u't
1189 2960 1237 3012 ta-

130 3074 213 3121 ceam
229 3077 292 3121 non
306 3076 430 3143 semper
442 3058 719 3120 easeirsctuosum.
770 3074 807 3117 ac
820 3074 930 3142 parum
940 3052 1028 3116 abeat
1038 3050 1112 3137 quin
1121 3049 1235 3132 dicam,

129 3154 160 3222 id
179 3160 212 3223 in
233 3170 318 3224 tante
340 3158 543 3247 amplitudine
557 3159 642 3223 orbis
657 3171 807 3223 terrarum
819 3180 883 3221 non
898 3156 997 3237 magis
1011 3177 1082 3219 esse
1097 3158 1146 3221 rel
1160 3158 1234 3219 utile

131 3263 178 3325 rel
197 3263 422 3343 necessarium,
445 3284 539 3349 quam
553 3264 580 3327 si
595 3262 664 3348 quis
678 3264 711 3325 in
726 3262 852 3325 civitate
865 3261 1003 3325 maxima
1017 3259 1159 3323 omnium
1173 3257 1233 3323 do-

128 3384 250 3430 morum
262 3379 329 3430 scta
343 3388 527 3448 cognoscere
542 3366 673 3433 studeat.
726 3364 877 3447 insignia,
889 3384 974 3445 rara,
989 3363 1158 3451 exquisito,
1174 3382 1233 3423 nos

129 3469 227 3555 aliqua
252 3492 291 3535 ex
310 3482 399 3560 parte
419 3470 598 3553 attingentia
618 3470 762 3551 ignorare
784 3481 887 3555 turpe:
920 3467 1089 3532 consectari
1112 3465 1231 3545 singula

128 3574 309 3639 curiositatis
322 3575 427 3662 potius
441 3585 488 3637 est
501 3594 594 3658 quam
606 3570 799 3639 eruditionis.
854 3570 1096 3657 sigeograpbis‚
1114 3567 1167 3652 qui
1181 3577 1230 3631 to-

130 3672 185 3741 tius
198 3688 298 3743 terrae
309 3681 445 3743 formam
457 3687 561 3740 tenere
573 3698 608 3740 se
621 3678 818 3763 profitentur,
835 3676 946 3739 multas
959 3687 990 3740 et
1002 3690 1131 3751 magnas
1146 3671 1229 3735 orbis

129 3792 227 3863 partas
236 3783 383 3863 ignorare
396 3780 496 3859 licerit,
512 3800 565 3843 eur
577 3801 641 3843 non
653 3776 738 3843 idem
746 3779 780 3842 in
788 3778 918 3843 historia
928 3794 1049 3865 quoque
1057 3794 1127 3837 cum
1137 3774 1228 3838 venia

129 3880 235 3947 liceat'l
286 3885 352 3947 iam
369 3884 451 3971 quod
466 3883 506 3947 ad
521 3884 726 3951 elocutionem
741 3884 866 3962 attinet,
885 3881 1061 3957 contiones,
1080 3889 1228 3960 stratege-

129 4000 223 4068 mata,
251 3987 394 4070 consilia,
420 4000 568 4069 eventus,
590 3984 701 4052 eadem
720 3990 785 4051 lere
804 3987 918 4069 ubique
938 3993 1104 4049 recurrunt.
1155 4002 1227 4047 uam

129 4088 274 4157 finitimos
288 4093 417 4179 populos
429 4094 609 4182 plerumque
623 4090 663 4155 de
674 4091 789 4155 linibus
801 4089 965 4165 dimicare,
980 4107 1050 4151 esso
1059 4106 1167 4151 causas
1176 4088 1228 4149 rel
1345 4164 1351 4174 ,

129 4206 301 4278 praetextus
321 4195 475 4282 quosdam
494 4197 644 4260 bellonam
661 4206 693 4260 et
711 4196 830 4259 subitas
845 4190 1038 4273 occasiones,
1060 4192 1122 4257 alie
1136 4200 1228 4274 etque

130 4298 184 4363 alia
198 4299 344 4381 consilia,
365 4298 551 4379 sententias,
573 4310 719 4377 eventus,
742 4296 812 4382 quis
825 4293 943 4357 nescitl
