3050 4900
502 358 849 429 monimum
1152 366 1232 441 209

121 541 302 633 παραδούς,
326 540 413 612 τότε
429 551 490 615 τῶν
506 550 676 615 Χαλδαίων
692 550 831 619 δδίδασκε
846 548 1015 642 γρύμματα
1030 554 1082 621 καί
1104 556 1145 625 τὰ
1167 556 1234 625 lm-

117 648 240 736 χύρια,
257 651 291 715 br
307 655 361 734 τῆς
376 650 454 727 ίόίας
470 652 619 737 τραπέζης
636 652 791 733 ύποτόξας
807 656 895 745 σφίσι
911 657 967 743 τὴν
983 659 1114 725 δίαιταν.
1162 663 1233 731 τέσ-

122 778 216 839 σαρες
244 752 278 817 δέ
303 758 361 819 τῶν
381 756 500 819 παίδων
524 746 603 839 ἦσαν
624 756 657 821 έκ
681 764 735 824 τοῦ
757 765 920 840 βασιλικοῦ
942 757 1095 846 γεγονότες
1116 762 1232 847 γένους,

123 859 213 922 καλοί
230 856 287 933 τὰς
303 854 388 938 ὄψεις
404 860 455 921 καί
473 857 588 942 ἀγαθοί
606 860 663 936 τὰς
680 858 804 946 φύσεις·
832 854 874 928 ὧν
889 863 944 928 τόν
958 865 1016 947 μέν
1032 865 1154 950 Δανιὴλ
1171 895 1231 934 κα·

97 958 272 1041 5λούμενον
285 956 453 1047 Βαλτάσαρ
471 957 488 1026 ό
506 961 705 1043 Βαβυλώνιος
729 963 944 1049 μετωνόμασε,
969 968 1023 1033 τόν
1049 970 1083 1033 δι’
1093 969 1233 1038 Ἀνανίαν

119 1062 336 1146 ὠνομασμένον
353 1062 491 1147 Σεδρόχ,
517 1065 650 1149 Μισαὴλ
675 1067 708 1131 δὲ
724 1069 779 1134 τόν
796 1069 897 1155 ἕτερον
913 1072 1093 1161 κεκλημένον
1108 1072 1232 1155 Minoia,

119 1171 173 1231 καί
191 1166 243 1231 τὸν
259 1164 364 1229 λοιπόν
375 1166 517 1253 Ἀζαρίαν
529 1166 716 1255 Ἀβδεναγώ·
735 1170 788 1248 οδς
804 1174 856 1238 καί
871 1178 933 1239 τῶν
950 1172 1050 1240 ἄλλων
1066 1166 1136 1260 ἦγεν
1153 1178 1231 1243 ἔντι-

118 1270 284 1353 μοτίροος,
311 1270 354 1333 δι’
375 1268 504 1357 εὐφυίαν
520 1272 569 1335 tut
586 1274 680 1365 σοφία
697 1272 934 1362 προκόπτοντας.
985 1268 1069 1343 οὗτοι
1084 1281 1185 1345 τοίνυν
1201 1281 1232 1346 οἳ

118 1374 233 1437 νεανίαι
248 1377 304 1436 τοῦ
322 1380 511 1458 προεστῶτος
533 1374 633 1441 αὐτῶν
657 1376 801 1462 εύνούχοο
824 1380 942 1445 ἐδέοντο
963 1382 1008 1465 μὴ
1031 1388 1095 1460 τοίς
1117 1384 1150 1449 dx
1173 1388 1229 1467 τῆς
1243 1398 1267 1452 Ρ
1283 1396 1298 1453 1
1314 1400 1368 1458 118

78 1488 113 1541 10
121 1482 280 1559 βασιλικῆς
304 1477 453 1561 τραπέζης
473 1478 710 1564 χορηγουμένας
744 1481 848 1561 αύτοῒς
877 1485 997 1550 διαιτᾶν
1023 1490 1122 1572 σφᾶς,
1156 1485 1229 1551 ἀλλ’

120 1579 256 1665 ὀσπρίοις
280 1581 331 1643 καί
355 1582 466 1667 φοίνιξι
489 1584 540 1647 καὶ
564 1581 713 1661 τοιούτοις
738 1582 853 1663 ι’ίλλοις.
903 1584 921 1653 ὅ
945 1588 980 1653 δέ
1002 1588 1131 1654 δεδιέναι
1147 1584 1229 1677 ἔλεγε

117 1682 164 1765 μὴ
190 1678 339 1759 τοιούτοις
364 1681 543 1769 τρεφόμενοι
568 1690 759 1753 λεπτονθῶσι
776 1688 816 1753 τὰ
832 1686 979 1773 στύματα,
1004 1696 1056 1756 καί
1073 1690 1158 1779 παρὰ
1173 1699 1229 1759 τού

118 1786 269 1869 βασιλέως
286 1784 341 1849 διὰ
358 1794 447 1853 τούτο
466 1787 557 1865 αὐτὸς
573 1782 713 1877 κακωθῇ.
757 1791 786 1856 oi
803 1793 837 1857 δέ
852 1792 907 1879 ip'
925 1790 1041 1875 ἡμέρας
1058 1794 1132 1859 δέκα
1148 1794 1230 1861 ούτω

118 1891 275 1971 διαιτῆσαι
292 1888 403 1965 αὐτούς
420 1889 625 1977 παρεκάλουν,
650 1896 701 1959 καί
719 1897 746 1958 εί
760 1895 817 1976 μὲν
833 1894 877 1977 μὴ
893 1894 1097 1977 μεταβάλοιτο
1122 1891 1144 1979 ἦ
1168 1904 1230 1963 τῶν

79 2007 111 2060 15
119 1989 272 2073 σωμάτων
293 1992 353 2069 iiic
371 1992 488 2073 αὐτοῖς,
507 1992 586 2061 ούτω
604 1998 724 2063 διαιτᾶν
741 1996 855 2073 αύτούς
870 1999 921 2061 καί
938 2000 981 2073 είς
996 1995 1031 2060 τό
1049 1993 1133 2081 ἑξῆς,
1150 2000 1178 2063 εί
1194 1999 1227 2064 δ’

116 2096 178 2161 ἴδοι
193 2093 233 2159 τὰ
250 2091 379 2177 σιόματα
397 2097 496 2163 adreio
513 2098 742 2183 ίσχναινόμενα,
768 2107 823 2182 τῆς
839 2100 990 2185 προτέρας
1005 2096 1130 2183 έχεσδαι
1146 2104 1229 2167 διαι-

116 2196 242 2281 τήσεως.
292 2200 428 2265 πείθεται
445 2198 563 2278 τούτοις
581 2198 598 2266 ό
615 2209 675 2267 τῶν
693 2202 810 2267 παίδων
835 2199 1048 2287 προεστηκιύς,
1073 2204 1124 2268 καί
1147 2203 1228 2271 ούτω

113 2299 248 2384 ποιήσας
264 2296 306 2377 ὥς
322 2299 410 2367 obdab
428 2303 540 2379 αὐτοὺς
555 2307 588 2369 ἐκ
605 2310 666 2369 τῶν
682 2301 827 2369 τοιούτων
844 2310 967 2393 τροφῶν
983 2302 1143 2386 παθόντας
1157 2304 1227 2391 ride,

113 2410 236 2490 μᾶλλον
252 2404 306 2486 μὲν
323 2396 376 2471 ούν
393 2408 443 2471 καί
460 2412 522 2473 τῶν
538 2404 639 2472 σίλλων
655 2408 885 2496 θαλερωτέροος
900 2406 1069 2494 γεγονότας,
1086 2408 1268 2496 ύψύχοοςίλ

77 2509 226 2585 medeor}
248 2515 379 2594 προσῆγε
404 2507 533 2598 τροφός.
591 2510 621 2574 οἱ
643 2513 678 2576 δὲ
700 2511 918 2588 λεπτονθίντος
939 2512 1044 2590 αύτοῖς
1066 2520 1123 2579 τοῦ
1148 2512 1228 2596 νοός,
1279 2577 1285 2584 .

116 2619 220 2680 πᾶσαν
236 2611 448 2699 κατώρθωσαν
464 2615 602 2678 παιδείαν
617 2613 800 2698 Χαλδαϊκὴν
816 2617 868 2680 καί
878 2613 1050 2701 Ἀσσύριον.
1089 2612 1118 2681 «ό
1144 2613 1181 2683 δί
1193 2643 1228 2703 γε

117 2715 238 2800 Δανιὴλ
254 2716 305 2780 καί
323 2717 390 2802 περὶ
408 2718 519 2804 κρίσεις
536 2717 658 2802 ὀνείρων
674 2719 822 2783 κατέτεινε
838 2718 895 2800 τὴν
911 2716 1056 2796 σπουδήν.
1083 2772 1086 2778 ,

219 2815 298 2884 Eira
314 2816 450 2884 ίνύπνιον
467 2818 484 2884 ὁ
501 2817 780 2905 Ναβουχοδονόσορ
797 2821 928 2895 έξαίσιον
943 2813 1151 2899 θεασόμενος,
1175 2817 1229 2882 καλ

118 2922 173 3005 τὴν
197 2924 295 3008 κρίσιν
308 2920 430 2988 τούτου
452 2922 532 2988 κατὰ
548 2921 621 2998 τούς
636 2919 749 2998 ύπνοσς
765 2917 896 3004 μαθών,
921 2925 976 2983 τοῦ
992 2943 1025 2983 τε
1041 2917 1158 3006 δνείροο
1174 2922 1228 2986 καί

77 3032 173 3110 λῡτῆς
188 3027 316 3112 κρίσεως
332 3025 426 3090 αύτοῦ
442 3022 617 3090 έπελόθετο.
668 3025 767 3089 ίωθεν
783 3015 837 3090 ούν
858 3017 1134 3106 μεταπεμψάμενος
1155 3023 1229 3104 τούς

186 3151 412 3293 ἕλιηεπτννξηηοι
428 3151 465 3221 Δ,
483 3149 645 3205 treveron
661 3151 728 3212 PW.
833 3146 869 3204 14
880 3141 1067 3219 μεταβάλοιτο
1085 3149 1124 3218 Α,
1139 3167 1225 3223 μετα-

205 3241 224 3276 οι
257 3238 318 3274 οιτο
391 3259 400 3277 .

117 3323 282 3396 paedagogia
290 3323 414 3392 tradidit,
425 3324 523 3378 iitteria
534 3327 562 3378 et
572 3323 703 3376 institutis
715 3321 908 3376 Chaldaeorum
918 3323 1088 3392 erudiendor,
1105 3323 1182 3378 vieta
1192 3322 1227 3376 de

118 3410 266 3446 ananiense
283 3392 335 3446 illia
346 3393 502 3446 constituto.
535 3395 643 3446 inerunt
660 3397 746 3445 eutem
765 3400 890 3460 quattuor
905 3394 982 3464 pueri
998 3393 1069 3463 regii
1080 3392 1186 3463 generia
1197 3398 1227 3444 et

117 3465 201 3515 forma
212 3471 241 3515 et
251 3461 365 3546 ingeniis
382 3466 564 3533 praestantes,
585 3478 695 3531 quorum
705 3461 810 3514 Danieli
820 3461 982 3529 nnumin,
999 3461 1118 3516 Ananiae
1128 3458 1227 3514 sedra-

119 3532 177 3598 obi,
190 3531 296 3584 Miaaelr
308 3531 421 3596 Minaei,
434 3530 547 3582 Azariae
559 3530 696 3598 Abdenagi
707 3547 800 3583 nomen
810 3530 877 3583 fecit
886 3529 1066 3600 Babylonius,
1077 3529 1226 3600 quibusque

118 3616 183 3670 prae
195 3600 307 3652 caeteris
319 3600 441 3654 bonorem
453 3599 543 3651 babuit
555 3601 588 3650 ob
604 3600 716 3652 indolem
727 3598 923 3669 disciplinarum
936 3616 1068 3671 capacem.
1101 3597 1131 3649 bi
1142 3596 1226 3665 igitur

119 3670 298 3722 adolescentes
310 3671 454 3724 eunuchum
468 3667 511 3720 cui
530 3669 658 3737 parebant
674 3684 704 3720 ro
741 3677 803 3720 runt
821 3685 856 3721 ne
873 3667 927 3721 ribi
942 3669 1035 3739 regiae
1048 3682 1154 3720 urenaee
1169 3665 1226 3716 fer-

119 3738 177 3790 cula
188 3738 397 3808 praeberentur,
410 3738 456 3791 red
468 3737 615 3806 legumina,
633 3736 710 3802 daoty
722 3736 732 3788 i
743 3736 833 3789 etalio
845 3737 872 3790 id
883 3755 975 3821 genua.
1011 3737 1055 3789 ille
1066 3751 1122 3787 cunr
1134 3751 1164 3787 aa
1175 3750 1225 3785 ve-

117 3807 175 3859 reri
184 3808 326 3859 dioeretne
336 3807 381 3860 ἱΙΙο
393 3810 452 3860 cibo
464 3805 615 3860 extenuatis
625 3821 712 3857 eorum
723 3806 875 3874 corporibua
886 3824 944 3878 rpae
953 3824 969 3860 a
979 3803 1115 3874 regenale
1126 3809 1225 3856 tram-

118 3880 174 3942 tur,
183 3881 270 3929 tamen
282 3876 372 3946 puerie
381 3877 533 3947 petentibus
545 3883 574 3928 ut
584 3875 674 3927 decern
684 3874 778 3927 diebna
789 3876 830 3928 ita
839 3882 1013 3944 paaeerentur
1024 3877 1067 3938 et,
1078 3871 1103 3924 τί
1113 3887 1226 3941 corpora

117 3961 169 3998 aua
179 3961 231 3998 uon
242 3953 422 4015 mutarentur,
434 3947 473 3999 ita
485 3951 627 4017 pergeret,
638 3943 680 3995 ain
693 3945 833 3998 extenuari
844 3944 965 4008 videret,
977 3941 1117 4011 pristinum
1126 3941 1225 3994 viarum

117 4013 271 4084 praeberet,
287 4017 460 4086 obtemperat.
494 4030 606 4084 cumque
617 4029 669 4064 non
679 4013 754 4066 modo
767 4013 831 4067 nibil
842 4014 882 4066 eia
892 4010 1034 4077 decedere,
1045 4009 1094 4063 aad
1104 4010 1226 4077 vegetio-

118 4099 163 4136 ree
177 4082 255 4136 etiarn
266 4084 380 4137 coeteris
390 4083 465 4136 reddi
476 4084 596 4149 videret,
615 4081 688 4134 oiboa
705 4083 834 4136 inanimes
844 4084 884 4134 eie
895 4081 1014 4152 praebet.
1047 4077 1087 4131 ita
1103 4077 1225 4132 nubtiiio·

118 4151 193 4204 ribua
210 4151 321 4206 redditis
338 4153 466 4220 ingeniis,
487 4154 515 4206 in
535 4151 604 4206 omni
622 4151 744 4208 doctum
762 4151 908 4204 Chaldaica
925 4157 955 4202 et
965 4146 1107 4214 myrtea
1117 4146 1226 4218 egregie

118 4223 298 4290 profecerunt.
331 4221 427 4293 Deniel
437 4221 515 4274 etiam
526 4220 632 4274 τοιιιιιίἰι
641 4219 811 4273 ooniieieudie
821 4221 934 4272 animum
946 4215 1070 4270 intendit.

222 4289 290 4342 Cum
298 4295 386 4342 autent
396 4289 639 4342 Nabuchodonosor
649 4289 769 4342 mirabile
778 4287 906 4340 nomnium
917 4285 1030 4339 vidiant
1039 4301 1097 4340 eum
1108 4283 1224 4340 eiusdem

121 4358 304 4426 enuntiare,
321 4357 461 4428 utriusque
481 4355 579 4412 oblitae
596 4373 673 4412 mane
690 4355 838 4411 dedaeoa
856 4361 934 4408 ratae
949 4361 980 4408 et
996 4371 1089 4427 ιιιςοτ
1101 4355 1224 4421 arceant,
1286 4373 1290 4380 ·

162 4433 436 4489 ποιωιιιιιιιιι.
976 4422 1018 4491 14
