3050 4900
100 262 112 298 b

261 310 368 360 xxm
598 285 844 354 marottam
867 286 1036 361 worru
1091 383 1093 386 Α

259 478 381 558 generis
395 476 456 540 alia
470 475 590 562 publica
604 479 704 556 mala,
722 477 756 540 in
771 477 863 542 unius
878 477 1015 542 bominis
1029 488 1164 542 aetatem
1177 478 1275 542 rarius
1287 479 1367 544 inci-

259 581 344 644 duut.
395 582 475 644 bella
489 601 565 645 vero
580 583 661 644 nulla
677 593 805 645 naturae
818 583 1019 660 necessitate,
1039 581 1095 646 sed
1109 583 1287 661 hominum,
1309 607 1366 649 ec·

259 705 387 771 rumque
401 683 573 771 principum
587 696 619 747 et
630 705 754 766 regum,
779 706 858 771 quos
872 686 985 750 virtute
999 698 1031 748 et
1044 687 1198 773 sapientia
1211 700 1366 773 praestare

259 789 387 852 caeteris
402 799 433 850 ct
447 787 531 852 cives
547 809 621 852 suos
635 787 765 854 reddere
778 791 888 854 beatos
902 788 1051 869 decebat,
1071 792 1124 855 vel
1134 791 1304 854 ambitione
1311 792 1364 856 'rel

257 891 463 956 aemulatione
476 893 528 957 vel
543 893 673 958 avaritia
686 895 737 958 vel
751 891 930 957 crudelitate
942 893 1106 972 exsistunt,
1119 906 1150 956 et
1162 896 1254 974 longe
1262 895 1365 959 maio-

257 1017 324 1062 rem
337 995 488 1059 malorum
503 996 643 1060 omnium
654 999 772 1062 molem
784 997 1028 1062 secumtrahunt
1039 1017 1132 1083 quam
1145 1017 1225 1082 quae
1237 1009 1366 1060 naturae

257 1101 347 1164 nobis
363 1100 531 1163 necessitas
544 1100 704 1187 imposuit.
753 1122 795 1164 ne
807 1101 1011 1166 vero-caeteri
1022 1122 1082 1164 nos
1096 1111 1260 1164 excusatos
1273 1113 1366 1188 pute-

256 1223 344 1282 mus,
371 1223 528 1288 nunquam
555 1205 710 1290 principes
736 1213 839 1268 tantos
861 1205 942 1268 ciera
963 1205 1109 1268 tumultus
1130 1216 1275 1290 possent,
1301 1205 1365 1268 nisi

248 1307 433 1386 inferiores,
459 1305 574 1370 iisdem
589 1309 706 1372 morbis
720 1308 912 1389 laborantes,
933 1309 1057 1373 illorum
1070 1305 1288 1395 cupiditatibus
1298 1329 1364 1374 non

255 1410 414 1476 ministros
435 1407 530 1476 modo
550 1409 609 1474 sed
622 1409 716 1476 duces
730 1413 826 1476 etiam
839 1433 875 1476 sa
888 1412 1087 1499 praeberent:
1112 1412 1167 1497 qui
1178 1412 1305 1476 honesti
1316 1413 1364 1474 la-

255 1515 339 1579 boris
352 1516 424 1595 fuga
438 1525 468 1576 et
480 1516 603 1578 scelesti
614 1517 671 1579 otii
681 1513 849 1603 cupiditate
857 1514 967 1581 divina
975 1516 1247 1600 humanaquaiura
1257 1516 1364 1578 omnia

254 1617 373 1682 violare
394 1640 458 1682 nun
481 1629 641 1699 vorentur,
668 1631 700 1682 et
718 1620 861 1684 horribili
876 1623 980 1684 furore
993 1631 1025 1684 et
1038 1621 1108 1706 plus
1122 1639 1216 1704 quam
1229 1619 1364 1682 belluina

254 1720 448 1785 immanitate
469 1733 664 1803 grassantum
690 1743 821 1809 cumque
841 1723 905 1812 ipsi
924 1724 1055 1810 pessimi
1071 1723 1149 1802 sint,
1172 1725 1253 1787 bona
1267 1723 1363 1785 etiam

255 1837 307 1888 aut
329 1826 440 1890 saltem
461 1823 630 1890 mediocria
649 1827 774 1908 ingenia
788 1838 1001 1914 corrumpunt,
1023 1839 1077 1889 aut
1090 1838 1228 1890 caeteros
1241 1826 1364 1911 quietos

254 1939 286 1990 et
309 1929 487 2012 tranquillos
508 1949 578 1993 esse
595 1951 659 1994 non
673 1932 839 2017 patiuntur.
892 1951 1023 1994 saevum
1036 1929 1174 2016 profecto
1188 1941 1220 1992 at
1232 1930 1363 1994 homen-

255 2027 329 2093 dum
351 2043 400 2092 est
419 2031 529 2096 Martis
548 2033 730 2118 imperium,
754 2034 809 2119 qui
828 2036 909 2098 ferro
923 2045 956 2098 et
967 2033 1034 2114 igni
1047 2032 1166 2114 saevit3
1192 2030 1250 2095 sed
1268 2034 1362 2118 paulo

178 2151 182 2160 ·
254 2131 361 2195 mitior
374 2143 422 2194 est
434 2133 580 2198 Mercurii
595 2139 749 2218 tyrannis,
765 2137 818 2222 qui
829 2137 916 2202 falsis
929 2138 1100 2202 rationibus
1113 2147 1145 2199 et
1158 2133 1278 2198 callidis
1289 2155 1363 2200 vcr-

253 2235 302 2298 bis
323 2235 435 2296 miscet
455 2237 575 2315 omnia,
596 2249 628 2299 et
643 2243 703 2302 tela
716 2243 782 2305 iere
797 2239 973 2330 suppeditat
985 2262 1065 2327 quae
1079 2239 1165 2305 Mars
1179 2233 1363 2302 eiaculethr:

252 2337 384 2426 pessimi
397 2356 473 2401 sane
488 2334 669 2418 demagogi‚
696 2353 730 2402 ut
745 2343 785 2402 ab
798 2347 962 2425 auotogts
972 2345 1183 2432 appellantur,
1210 2364 1246 2406 ac
1258 2342 1363 2430 potius

252 2435 506 2529 κοσμοκράτορες.
556 2461 631 2503 nam
653 2439 702 2506 vis
726 2455 757 2505 st
778 2445 877 2520 trans,
900 2445 967 2508 iure
989 2458 1021 2507 et
1038 2450 1170 2510 veritate
1194 2444 1363 2533 oppressis,

253 2546 433 2633 plerumque
451 2564 554 2609 rerum
576 2543 745 2631 potiuntur.
797 2543 880 2630 quod
898 2547 958 2609 etsi
976 2546 1020 2608 ita
1034 2548 1067 2609 in
1079 2558 1225 2633 promptu
1239 2558 1302 2624 est,
1328 2557 1363 2607 ut

253 2650 389 2737 optabile
411 2648 452 2713 sit
473 2669 544 2731 esse
564 2648 738 2730 obscurius,
771 2657 876 2712 tamen
898 2649 1088 2734 nescioquo
1109 2646 1208 2712 modo
1229 2648 1363 2713 lectione

252 2753 452 2819 historiarum
464 2753 565 2835 magia
578 2753 701 2817 animus
716 2764 931 2817 commoretur
942 2764 974 2817 et
987 2749 1029 2815 ad
1042 2749 1299 2817 considerandam
1311 2752 1363 2815 vi·

253 2869 303 2921 tas
325 2847 480 2921 humanas
502 2858 569 2923 sive
590 2854 904 2939 comicotragosdiam
919 2858 988 2922 sive
1003 2852 1317 2937 tragicocomoediam
1330 2867 1363 2919 et

135 2966 138 2973 '
253 2960 413 3023 miseriam
435 2961 529 3024 simul
542 2973 574 3023 et
587 2962 758 3025 vanitatem
771 2961 954 3049 impellitur:
980 2981 1060 3046 quas
1073 2980 1132 3023 nos
1147 2956 1188 3021 ad
1201 2960 1297 3021 aliam
1310 2960 1362 3024 si-

253 3074 334 3140 tam,
359 3063 420 3148 piis
445 3060 594 3126 divinitus
615 3064 818 3149 promissam,
844 3064 957 3128 maiori
971 3060 1075 3127 studio
1090 3075 1122 3126 et
1135 3059 1362 3127 ardentioribus

253 3165 337 3233 votis
350 3162 558 3253 expetendam
570 3167 705 3229 excitare
720 3165 891 3247 debebant,
917 3179 950 3230 et
960 3164 1036 3230 dum
1047 3166 1098 3228 hic
1114 3186 1239 3246 sumus,
1265 3167 1363 3231 etiam

254 3264 482 3350 diligentiores,
499 3266 730 3355 prudentiores,
745 3282 777 3335 et
790 3268 1014 3335 moderatiores
1026 3271 1160 3334 efficere.
1207 3288 1283 3333 uam
1297 3281 1362 3333 tra-

253 3373 339 3455 gicos
358 3393 463 3454 casus,
486 3392 617 3457 quorum
637 3376 749 3462 plenae
769 3387 841 3439 sunt
861 3375 1028 3454 historiae,
1049 3375 1101 3439 vel
1115 3394 1157 3438 ax
1170 3373 1314 3461 superbia
1328 3384 1362 3437 at

253 3476 441 3555 ambitione,
461 3478 514 3541 vel
533 3498 574 3540 ex
593 3479 779 3559 negligentia
799 3490 832 3542 et
849 3479 1038 3558 temeritate,
1055 3480 1110 3543 vel
1123 3477 1275 3541 exanimi
1287 3475 1361 3539 libi·

255 3577 328 3643 diue
342 3590 374 3642 et
387 3580 537 3645 iniustitia
551 3590 654 3645 ortum
667 3582 814 3646 babuisse
827 3583 893 3647 iere
904 3593 1041 3662 constnt3
1062 3600 1233 3668 perpaucos
1245 3589 1362 3659 autam,

256 3680 331 3745 dum
350 3684 455 3768 officio
474 3685 686 3765 iungerentur,
713 3686 892 3775 impegisse.
944 3687 1031 3751 cuins
1042 3686 1089 3748 rei
1099 3682 1240 3746 Zonaras
1255 3693 1363 3745 noster

254 3787 398 3873 exempla
412 3807 511 3875 paene
524 3788 700 3867 innumera,
714 3789 747 3851 in
757 3803 917 3875 postremo
930 3802 1018 3854 tomo
1030 3786 1211 3875 praesertim
1226 3784 1361 3870 (absque

255 3910 317 3975 quo
330 3890 359 3953 si
372 3902 470 3971 esset,
483 3891 690 3980 posteriorum
700 3892 922 3979 imperatorum
931 3914 981 3957 res
990 3902 1093 3972 gestas
1103 3908 1215 3970 magna
1225 3902 1362 3976 exparte

254 3992 486 4077 ignoraremus)
501 3992 687 4083 compendio
701 3996 857 4082 proponit.
907 3996 941 4058 iu
953 4016 1015 4079 quo
1028 3992 1088 4056 atsi
1098 3993 1223 4056 aliialia
1234 3989 1362 4057 deside-

256 4115 325 4159 rare
345 4108 476 4182 possunt
498 4098 585 4184 (quis
598 4093 683 4163 euim
696 4100 868 4163 satisfaciat
880 4096 1083 4180 omuibusi),
1109 4106 1216 4161 teman
1231 4107 1360 4161 conatus

257 4200 324 4263 eius
339 4200 478 4281 egregius
492 4212 584 4286 atque
597 4202 771 4267 institutum
785 4204 974 4291 praeclarum
986 4202 1060 4282 tuit,
1075 4213 1191 4264 cartam
1204 4196 1361 4285 quandam

254 4302 404 4369 historiae
418 4304 507 4389 quasi
522 4302 716 4394 disciplinam
730 4303 950 4387 constituendi,
973 4318 1006 4371 et
1019 4302 1159 4393 dispersa
1171 4304 1205 4367 in
1218 4302 1361 4390 plurimis
