3050 4900
570 283 819 352 ommacio.
936 259 950 290 ⁸
1136 308 1245 359 mm

139 473 255 555 rident,
273 471 365 538 multi
376 471 468 551 dent,
488 473 591 559 plures
604 469 818 556 indignantur,
831 474 970 560 plerique
984 495 1096 540 omues
1109 498 1243 564 conque-

139 591 257 644 runtur.
302 597 396 642 nemo
416 597 481 640 non
501 576 603 640 eliens
625 578 702 642 ritis
716 577 862 666 perspicit
875 587 906 642 et
920 579 1074 659 erogitnt3
1101 599 1156 644 eus
1168 603 1243 649 sero

139 684 223 748 aerio
248 693 279 746 et
300 691 473 746 constanter
495 678 643 746 emendet
658 685 724 746 lere
743 703 857 760 nemo,
882 693 936 746 eut
952 701 1029 746 sene
1045 685 1243 770 paucissimi:

137 787 172 852 in
196 807 259 872 quo
277 785 391 866 exigno
410 803 502 866 grege
515 785 635 848 uinum
646 797 678 850 et
691 807 750 868 ego
763 787 921 873 meipsum
933 807 1095 850 numerare
1106 809 1246 874 possem.

139 887 198 954 sed
223 891 416 975 nescio·quo
442 900 532 976 pecto
557 890 708 977 exemplis
729 891 832 972 meme
851 910 962 954 omnes
982 891 1132 955 trabimur
1151 913 1246 978 qoam

140 993 301 1080 disciplina
321 1003 354 1056 et
374 991 512 1072 ratione,
536 995 588 1058 arci
611 993 664 1060 adv
686 991 864 1082 ἐπιχώριον,
889 1005 923 1057 ut
944 993 1166 1082 Aristophanen
1189 1000 1244 1078 ait,

139 1097 288 1178 ἀσκοῦμεν
300 1091 424 1182 τρόπον.
476 1098 567 1184 pauci
580 1098 667 1162 enim
680 1118 717 1161 ee
730 1110 804 1162 aunt
816 1099 868 1161 rel
881 1095 1044 1185 prudentia
1057 1101 1110 1162 rel
1123 1101 1246 1166 enimo-

135 1223 203 1266 rum
219 1201 394 1266 constentia
407 1199 555 1290 praediti,
578 1213 612 1266 ut
626 1221 697 1266 cum
708 1202 796 1267 vitiis
809 1213 843 1265 et
854 1202 1010 1266 erroribus
1023 1222 1150 1266 suornm
1163 1215 1246 1268 tem-

136 1325 247 1391 porum
268 1319 406 1392 pugnero
426 1305 558 1393 possint.
606 1307 650 1370 ito
672 1307 760 1392 quasi
780 1309 844 1370 lato
865 1303 1002 1392 quodem
1014 1307 1197 1395 praecipites
1211 1309 1245 1372 in

136 1409 214 1472 ritis
232 1407 370 1489 ruimus,
392 1420 425 1472 et
443 1431 484 1474 ex
503 1407 589 1474 vitiis
603 1409 853 1477 incolumitates.
903 1430 983 1494 quoe
994 1412 1126 1476 fortasse
1141 1414 1246 1498 minua

135 1496 253 1576 risultee
274 1523 328 1576 aut
347 1515 458 1576 aeltem
477 1513 611 1578 leviores
632 1525 752 1594 essent,
778 1515 809 1577 si
826 1524 941 1576 rectam
960 1514 1115 1578 rationem
1128 1529 1159 1578 et
1171 1516 1246 1579 reli-

136 1635 216 1700 quos
229 1613 332 1678 adbuc
347 1616 381 1680 in
395 1629 503 1680 nature
516 1628 621 1682 nostre
636 1616 761 1684 diriore
774 1617 852 1680 lucis
864 1617 1015 1698 igniculos
1028 1617 1061 1680 in
1074 1619 1169 1682 tantis
1180 1619 1246 1683 lor·

134 1729 230 1783 tunne
246 1719 380 1784 tenebris
393 1731 542 1806 tanquam
553 1721 754 1788 fidelissimos
766 1720 862 1785 duces
874 1741 1104 1808 sequeremur·
1119 1719 1247 1807 quodsi

133 1823 240 1904 lieret,
255 1845 321 1888 nou
334 1825 428 1889 toties
441 1828 542 1888 latum
555 1825 631 1889 latui
644 1839 675 1890 et
687 1846 811 1889 caecam
821 1827 979 1888 innurem
990 1825 1076 1886 caeci
1089 1843 1249 1886 occurere-

132 1947 222 2006 mus‚
239 1947 341 2012 neque
353 1939 479 1993 nostros
494 1940 658 2004 erroreaet
670 1931 748 1995 vitia
763 1927 905 1994 obscuris
916 1923 1104 2010 quibusdam
1112 1925 1248 1989 nomini·

133 2029 191 2094 bue
204 2031 393 2096 sereremus.
427 2035 511 2096 nulla
524 2031 652 2118 quidem
665 2047 714 2096 est
725 2035 759 2096 in
774 2031 866 2095 terris
876 2029 931 2091 rel
945 2025 1115 2112 sapientire
1123 2029 1175 2092 rel
1184 2029 1248 2093 vir·

131 2133 210 2198 tutis
224 2135 388 2220 perlectio,
404 2148 436 2199 et
448 2137 562 2200 irnstru
576 2133 760 2199 describitur
770 2130 864 2195 nobie
873 2129 926 2192 ille
935 2128 1076 2218 quispud
1083 2131 1248 2199 Horatium

558 2273 612 2308 uno
628 2255 713 2310 minor
727 2259 769 2310 eat
784 2255 865 2308 lover
885 2252 969 2322 dives,

307 2343 393 2408 liber,
410 2340 569 2410 bonoratur,
584 2341 705 2412 pulcher,
723 2359 772 2396 rex
787 2340 898 2411 &suque
912 2357 1012 2412 regum

307 2426 449 2501 praecipue
464 2441 551 2493 sunus,

131 2551 188 2605 aut
202 2536 286 2626 apud
299 2538 434 2609 Gellium
447 2534 601 2615 ἀκώλυτος
604 2586 615 2617 ,
632 2536 844 2619 circumcurre,
861 2537 1144 2628 ἀπαρεμπόδιστσς,
1159 2538 1247 2608 ἐλώ-

132 2648 249 2731 θερος,
267 2639 412 2727 εὔπορος,
430 2639 592 2725 εὐδαίμων.
645 2632 758 2728 qualia,
788 2656 824 2708 ut
841 2647 968 2733 opinor,
994 2668 1090 2709 nemo
1109 2666 1246 2730 unquam

135 2749 194 2811 luit
207 2766 308 2832 neque
320 2749 439 2809 iuturus
453 2756 511 2811 est.
562 2746 708 2810 omnibus
720 2747 824 2828 enim,
841 2747 924 2834 quod
939 2749 1082 2811 sntirieoa
1095 2751 1248 2831 perfacete

137 2848 243 2929 addit,
268 2871 333 2915 uon
347 2846 442 2914 modo
456 2850 582 2937 pituita,
611 2846 669 2913 aed
681 2848 768 2913 flere
781 2860 815 2911 et
827 2862 894 2913 atre
907 2851 981 2911 bilis
994 2846 1161 2933 aliqnando
1174 2870 1248 2913 mo-

138 2956 215 3019 leste
233 2964 292 3019 est.
344 2950 428 3037 quod
446 2954 566 3016 utinam
586 2954 691 3017 mnus
710 2953 818 3017 crebro
838 2963 871 3018 et
887 2953 921 3017 in
943 2950 1034 3015 dictis
1055 2964 1086 3015 et
1103 2952 1137 3015 in
1156 2954 1247 3018 fectis

138 3054 473 3143 praestantissimorum
489 3056 629 3121 virorum
645 3066 828 3121 cerneretur.
878 3056 995 3142 elioqui
1008 3054 1181 3123 doctrinam
1194 3056 1247 3122 di-

139 3160 281 3225 rinerum
301 3160 567 3247 humanarumque
580 3182 683 3225 rerum
698 3171 730 3225 et
742 3160 944 3241 integriorem
956 3172 989 3224 et
1001 3162 1107 3225 minua
1120 3172 1246 3227 renuo·

140 3282 261 3329 versam
280 3275 313 3329 et
331 3264 431 3330 multo
453 3262 680 3352 expeditiorem
700 3264 902 3344 haberemus,
928 3275 960 3329 et
979 3266 1045 3329 rite
1066 3264 1247 3329 mortalium

142 3370 293 3433 aerumnis
310 3368 403 3450 longe
422 3368 618 3456 paucioribus
635 3380 834 3457 premeretur.
885 3366 943 3433 sed
960 3379 1080 3433 tantam
1096 3388 1168 3431 esse
1187 3386 1247 3431 re·

140 3466 277 3537 cordiam
289 3483 321 3537 et
334 3472 502 3552 melitium,
525 3484 560 3537 ut
573 3474 663 3560 quasi
677 3471 717 3536 de
731 3470 883 3535 industrie
895 3472 1029 3537 miseros
1041 3484 1073 3535 et
1084 3491 1145 3535 ros
1156 3470 1245 3556 ipsos

140 3584 171 3637 et
182 3576 260 3641 alios
272 3596 346 3641 esse
356 3576 505 3653 velimus,
518 3575 553 3639 id
565 3598 642 3643 vero
655 3588 704 3640 est
718 3573 899 3640 dolendum.
949 3574 1024 3663 quid
1036 3572 1121 3637 enim
1132 3575 1243 3652 obstat,

140 3679 256 3743 morbis
277 3690 310 3742 et
327 3690 429 3743 morte
444 3678 582 3764 exceptis
605 3680 756 3764 (quorum
768 3680 840 3743 illos
851 3676 1088 3767 intemperantia
1099 3678 1246 3763 volupta-

139 3790 203 3845 tum
219 3794 312 3868 etque
327 3781 491 3847 libidinum
505 3782 712 3862 cumulemus,
737 3782 818 3846 benc
831 3802 926 3871 saepe
939 3780 1030 3868 queri
1040 3780 1245 3861 refugientem

141 3884 217 3949 ultro
239 3886 459 3970 mceseimus),
486 3908 548 3973 quo
562 3886 666 3951 minus
680 3886 777 3953 etiem
789 3888 925 3951 interris
937 3884 1040 3968 aliquo
1052 3882 1149 3949 modo
1160 3884 1246 3951 beuti

140 3986 260 4053 rimosi
284 4008 354 4053 cum
375 3988 482 4057 dirius
503 3990 676 4073 benignitas
696 3989 737 4053 ed
756 3991 875 4056 rictum
894 3999 925 4053 et
943 3988 1059 4051 cultum
1071 3987 1245 4053 nereeamis

139 4088 306 4157 liberaliter
319 4094 422 4159 emnia
436 4092 629 4183 suppeditet,
654 4092 751 4158 modo
763 4105 847 4158 recte
859 4105 1016 4156 uteremur
1027 4103 1058 4155 et
1068 4092 1247 4157 bumsniter

140 4197 445 4262 communicaremus.
496 4218 572 4262 nam
595 4197 791 4286 pestilentiae
812 4191 939 4282 quidem
960 4206 992 4260 et
1012 4196 1191 4261 sterilitates
1213 4204 1247 4258 et

138 4306 235 4363 tenue
258 4311 364 4365 motus
385 4310 417 4364 et
439 4300 591 4368 siccitates
612 4312 645 4365 et
663 4298 908 4379 inundationem·
926 4310 959 4363 et
974 4298 1077 4385 siqua
1092 4296 1246 4365 aunteiua

178 4397 304 4456 horor
323 4402 450 4457 Δηὼ.
