3050 4900
486 300 701 427 mosum
724 361 774 428 vr
799 363 852 434 ιι.
1142 367 1217 444 sor

116 543 173 623 τῆς
204 544 266 604 τών
295 539 450 610 Ἰουδαίων
481 549 643 632 πρεσβείας
669 547 878 636 προεστηκώς,
914 549 992 640 ἀνὴρ
1019 551 1139 635 ίνδοξος
1164 564 1217 626 καλ

118 644 303 730 φιλοσοφίας
334 646 389 711 οὐκ
419 646 544 735 ἄπειρος
549 699 560 731 ,
594 651 713 734 ίτοιμος
737 646 775 737 ἦν
800 651 1130 742 δπεραπολογῆσοσθαι
1155 669 1218 728 τοῖν
1258 709 1262 716 -

117 741 285 826 ὁμοεθνῶν.
335 744 352 812 ὁ
378 749 412 814 δὲ
435 753 467 813 Γ
463 751 528 830 άῖος
552 753 607 819 οὐκ
629 755 788 838 ἠνέσχετο,
814 753 958 835 κελεύσας
982 761 1117 826 ίκποδών
1140 763 1216 831 ἀπε-

117 844 298 928 λεάσεσθαι,
324 849 416 934 δῆλός
439 879 472 920 τε
494 849 531 939 ἦν
555 856 701 924 κακώσων
725 853 847 937 αὐτοάς.
896 863 947 926 καὶ
971 858 987 925 ὅ
1013 865 1117 928 Φίλων
1134 867 1216 944 ἔξελε

90 948 186 1015 odolo
210 955 460 1041 περιυβρισμένος
482 962 557 1046 φησί
582 959 659 1047 πρὸς
680 960 752 1039 τοδς
777 964 844 1050 περί
871 963 963 1029 αὐτὸν
983 962 1150 1045 Ἰουδαίους
1174 968 1217 1048 ὥς
1269 1031 1271 1036 ,

112 1051 174 1138 χρὴ
190 1058 334 1140 θαρρεῖν·
359 1057 396 1122 οὗ
413 1059 472 1148 γάρ
490 1065 533 1139 είς
549 1063 660 1141 adroic
677 1060 694 1129 ὅ
711 1067 742 1127 Γ
739 1063 805 1142 άῖος
821 1062 1035 1156 πεπαρῴνηκεν
1040 1116 1052 1148 ,
1070 1071 1113 1147 είς
1129 1072 1163 1136 δὲ
1179 1072 1215 1139 td

112 1160 200 1221 θεῖον
216 1155 303 1222 οὖτά.
1168 1185 1173 1197 ·

210 1255 248 1324 ‘0
273 1260 306 1324 δ’
331 1260 527 1351 αὐτοκράτωρ
552 1267 649 1334 deludo
672 1263 837 1354 ἥγοάμενος
859 1261 919 1341 int
940 1268 1096 1338 Ἰουδαίων
1110 1275 1155 1357 μὴ
1172 1271 1215 1354 ώς

109 1358 186 1436 θεδς
209 1368 419 1448 σεβασθῆναι,
443 1366 620 1454 Πετρώνιον
642 1373 785 1454 ίκιιίμπει
805 1368 948 1456 διάδοχον
964 1379 1019 1456 τῆς
1037 1376 1213 1443 Οὐιτελλίου

67 1475 104 1529 10
111 1462 209 1547 ἀρχῆς
214 1513 224 1541 ,
240 1465 383 1545 κελεύσας
395 1474 475 1558 χειρὶ
492 1478 591 1558 πολλῇ
606 1476 747 1555 ἐμβαλεῖν
764 1479 806 1552 είς
822 1475 876 1560 τὴν
890 1475 1040 1541 Ἰουδαίαν
1056 1473 1106 1542 tat
1124 1479 1251 1546 δστοῖνθ

108 1565 208 1630 αὐτοῦ
231 1567 396 1655 ἀνδριάντα
420 1573 452 1636 ίν
473 1580 517 1662 τῷ
540 1581 605 1664 ναῷ
627 1583 682 1641 τοῦ
706 1583 798 1643 θεοῦ·
825 1581 851 1643 εί
867 1579 901 1643 δὲ
916 1578 961 1661 μὴ
979 1575 1095 1657 ἕκόντες
1110 1609 1213 1670 παρα-

103 1678 253 1754 χωροῖεν,
278 1673 400 1762 πολίμιμ
425 1674 619 1761 κρατήσαντα
644 1685 734 1746 τοῦτο
760 1691 866 1746 ποιεῖν.
915 1683 967 1746 καί
993 1678 1009 1746 ὃ
1036 1683 1212 1772 Πετρώνιος

104 1769 164 1854 τὴν
188 1779 243 1856 τῆς
265 1777 381 1862 Συρίας
403 1782 600 1868 παρειληφώς
621 1782 717 1867 ἀρχὴν
737 1782 875 1868 ἠπείγετο
898 1781 1069 1868 πληρώσων
1084 1787 1141 1864 τάς
1155 1793 1213 1853 τοῦ
1385 1793 1389 1822 “

105 1875 269 1960 Καίσαρος
300 1877 455 1958 ἐντολάς..
484 1886 536 1947 καὶ
565 1888 607 1961 είς
631 1879 832 1968 Πτολεμαΐδα
858 1887 1006 1973 γενομένῳ
1031 1894 1211 1972 προσῆλθον

62 1975 260 2043 15Ἰουδαίων
291 1986 402 2045 πολλαί
434 1985 583 2072 μυριάδες
615 1985 755 2072 δεόμεναι
786 1989 832 2073 μὴ
864 1985 1028 2069 βιάζεσθαι
1053 1997 1137 2075 σφᾶς
1161 1992 1211 2054 ἐπὶ

105 2079 282 2165 παραβάσει
299 2087 360 2146 τών
376 2088 526 2169 πατρίων,
547 2087 598 2154 ίἐί
614 2091 644 2154 δ’
664 2091 874 2179 ἀπαραίτητος
889 2086 940 2154 εί”
967 2087 1083 2176 ἔλεγον,
1105 2088 1210 2176 ι“η“μιῖς

103 2180 255 2268 πρότερον
278 2186 537 2273 διαχειρισάμενος
558 2189 654 2267 οὕτως
671 2195 745 2259 λ’στα
767 2195 802 2259 τὸ
825 2191 982 2278 άγαλμοι.”
1033 2193 1209 2281 Πετρώνιος

106 2283 141 2348 δ’
168 2285 348 2374 ἀπεκρίνατο
373 2284 417 2366 ὥς
434 2287 485 2354 “sl
506 2293 562 2373 μίν
585 2291 645 2378 ἀφ’
671 2291 783 2359 ἑαυτοῦ
798 2294 885 2360 ταῦτ’
905 2292 1067 2381 ίιιραττον,
1094 2299 1209 2375 δίκαιος

102 2377 147 2469 ἦν
162 2385 239 2473 πρός
254 2415 292 2472 με
307 2387 381 2474 δμῖν
396 2387 414 2457 d
431 2389 520 2479 λόγος
525 2443 535 2473 ,
552 2396 712 2482 Καίσαρος
728 2398 762 2463 δὲ
778 2393 973 2476 κελεύσαντος
989 2405 1073 2465 πάσα
1087 2397 1204 2486 ἀνάγκη
1220 2415 1246 2471 D

58 2490 148 2555 toul
178 2492 279 2582 ἐκείνῳ
306 2495 471 2580 δεδογμίνα
496 2498 667 2586 πληροῦν.”
719 2506 817 2565 ταῦτα
843 2499 934 2564 εἰπών
960 2502 1008 2565 inl
1037 2502 1209 2589 Τιβεριάδα

103 2591 252 2681 ἀφίκετο,
276 2622 316 2661 κα

100 2695 252 2785 μυριάδες
279 2698 433 2784 συνήντων
461 2701 544 2794 αὐτῷ
574 2703 759 2772 ἱκετεύουσαι
788 2704 832 2788 μὴ
863 2708 905 2780 είς
932 2700 1066 2785 ἀνάγκας
1094 2706 1207 2781 affl?

173 2910 207 2964 15
228 2906 362 2977 μυριάδες
379 2908 482 2963 πολλαί
504 2910 538 2965 Δ.
675 2910 710 2965 16
725 2906 800 2977 ἡμεῖς
814 2902 952 2973 πρότερον
967 2906 991 2960 λ
1008 2924 1066 2963 cum
1081 2910 1203 2982 Iosephc,

170 2974 308 3045 πρότερον
319 2974 395 3048 ἡμᾶς
412 2979 480 3033 PW.
617 2976 652 3034 19
666 2974 739 3045 πρός
752 2994 787 3047 με
803 2976 881 3029 etium
897 2976 1033 3047 Iosephus.

96 3165 200 3219 iurare.
234 3164 370 3217 Philonem
393 3181 458 3219 reru
483 3162 636 3219 iudaicael
687 3164 767 3217 tionis
785 3164 944 3235 principem,
971 3164 1056 3219 uirum
1073 3166 1202 3221 illustrem

95 3240 127 3287 et
165 3232 326 3304 hilosophlae
342 3250 395 3286 uon
412 3240 560 3305 expertem,
585 3250 638 3304 pop
741 3250 804 3285 suos
822 3233 961 3287 defendere
980 3241 1100 3303 puratum
1117 3236 1201 3289 Gaius

96 3252 186 3357 verda
201 3302 289 3356 fucere
307 3318 358 3353 non
375 3318 469 3370 passus
486 3322 502 3357 e
518 3305 603 3357 medio
619 3302 746 3355 excedere
761 3302 855 3366 iussit3
880 3317 912 3354 ac
930 3303 994 3355 satis
1011 3319 1076 3372 prae
1093 3320 1123 3357 ee
1139 3305 1201 3357 tulit

94 3390 128 3427 se
156 3372 255 3424 cludam
280 3371 386 3424 Iudaeis
410 3370 549 3425 illaturum.
582 3379 613 3425 ct
636 3372 713 3425 Philo
734 3371 925 3423 contumeliose
942 3371 1062 3440 habitus,
1087 3370 1202 3425 ludaeos

95 3442 148 3512 qui
163 3440 230 3493 foris
246 3441 390 3493 adstabant
406 3441 483 3493 bouis
499 3440 590 3495 animis
608 3458 667 3494 esse
684 3440 775 3494 iussitr
801 3440 895 3493 Gaium
916 3440 984 3494 enim
1001 3457 1052 3493 uon
1069 3438 1136 3509 ipsis
1152 3440 1201 3494 sed

93 3510 154 3585 ipsi
168 3510 218 3563 deo
233 3507 381 3562 insultasse.

203 3580 301 3631 Verum
323 3580 465 3648 imperator
486 3595 537 3630 non
560 3580 695 3633 ferendum
716 3577 834 3632 recussi
857 3593 874 3630 ε
894 3576 997 3631 Iudaeis
1013 3592 1063 3645 pro
1080 3574 1128 3629 deo
1147 3592 1200 3629 non

93 3648 245 3714 coleretur,
269 3648 421 3701 Petronium
443 3648 553 3701 Vitellio
574 3666 749 3702 successorem
771 3645 869 3713 mittit,
894 3654 995 3700 etcum
1011 3662 1105 3715 mugnu
1120 3662 1199 3699 mauu

92 3719 125 3771 in
151 3715 273 3769 Iudaeam
295 3720 441 3786 profectum
466 3734 538 3770 suum
562 3718 700 3787 imaginem
724 3718 753 3769 in
774 3716 870 3785 templo
894 3716 938 3769 dei
961 3714 1087 3767 collocare
1110 3713 1200 3767 iubete

115 3786 170 3839 uod
201 3785 224 3838 si
252 3785 371 3839 volentes
401 3787 544 3839 concedere
572 3787 668 3853 nolint,
697 3794 728 3840 ut
750 3803 800 3856 per
824 3786 877 3838 vim
898 3792 931 3857 let
957 3782 1035 3836 armis
1057 3783 1085 3834 id
1106 3784 1199 3838 faciut.

89 3807 237 3911 §amonius
253 3854 348 3922 Syriae
366 3863 492 3924 praetura
506 3864 630 3926 suscepta
646 3857 809 3925 imperatoris
826 3854 931 3923 exsequi
944 3853 1015 3904 iussa
1031 3853 1200 3922 properabat.

90 3922 146 3981 sed
171 3939 229 3976 cum
252 3923 441 3982 Ptolemaidem
464 3925 594 3990 venisset,
619 3926 773 3978 Iudaeorum
797 3926 875 3977 multa
900 3921 971 3975 milis
996 3934 1054 3972 eum
1080 3920 1202 3973 adierunt

90 3990 229 4049 orantium
245 4009 278 4045 ne
296 3993 329 4044 ad
344 3994 430 4062 patris
447 3994 570 4047 instituta
586 3994 708 4047 violanda
725 4000 897 4063 cogerenturr
920 3990 961 4044 sin
980 3988 1057 4042 nullis
1075 3990 1199 4061 precibus

89 4068 260 4129 moveretur,
278 4067 310 4115 ut
325 4078 355 4114 se
371 4062 443 4132 prius
459 4064 608 4116 interiectis
622 4065 661 4116 ita
679 4066 780 4116 demum
796 4070 909 4116 statuam
922 4058 1069 4112 collocaret.
1104 4056 1200 4111 Petro-

91 4134 158 4186 nius
173 4130 324 4199 respondit,
349 4132 373 4183 si
388 4140 483 4201 suapte
500 4134 658 4185 auctoritate
673 4134 717 4185 illa
733 4140 838 4201 agerat,
865 4132 924 4181 iure
939 4142 1025 4181 secum
1043 4128 1087 4197 egi
1104 4140 1199 4197 posee;

93 4199 147 4255 sed
165 4200 228 4267 quia
245 4200 345 4252 Caesar
362 4199 496 4267 iussisset,
515 4203 630 4255 decretis
647 4203 715 4254 illius
732 4200 880 4254 necessario
896 4196 1112 4264 acquiescendum
1130 4212 1200 4249 esse.

92 4270 140 4323 his
163 4268 241 4322 dictis
265 4268 435 4324 Tiberiadem
457 4269 548 4333 venit,
573 4272 727 4324 ludaeorum
744 4272 844 4321 uniuoos
860 4265 1054 4335 exploraturus.
1089 4266 1135 4317 sed
1159 4264 1197 4317 ibi

90 4353 202 4409 quoque
227 4338 308 4393 multu
328 4338 484 4395 ludaeorum
508 4340 579 4393 milia
604 4340 630 4392 ei
654 4346 825 4392 occurrerunt
845 4336 937 4389 itidem
953 4335 1082 4388 orantium
1099 4352 1133 4387 ne
1148 4332 1200 4387 sibi

137 4412 262 4471 Ζωιοεοι
281 4418 409 4473 Annales·
950 4398 991 4465 32
