3050 4900
310 323 383 386 nnn
512 297 759 368 issenottmss
783 297 949 369 woutll
973 296 1221 367 PRAEFATIO.

133 557 136 564 ,
186 533 194 558 t
313 492 411 556 animi
424 491 628 556 constantiam
641 501 674 554 et
687 486 939 592 aequabilitatem
951 469 986 553 in
999 499 1127 575 unaque
1139 489 1279 568 fortuna,
1302 489 1417 552 inam-

311 595 461 686 plissimis
484 593 613 682 opibus,
640 615 716 682 quas
732 613 751 656 a
764 593 936 658 maioribus
949 605 1090 680 acceptes
1104 603 1137 656 at
1150 592 1278 657 feliciter
1291 612 1417 657 conser-

311 700 395 767 vasti
415 709 447 764 et
467 699 536 762 sina
557 701 739 785 cuiusquam
757 698 871 762 iniuria
890 696 1086 785 amplificasti
1102 694 1189 760 etad
1202 697 1417 760 benemeren-

313 802 388 867 dum
401 801 442 866 de
453 803 559 869 multis
573 803 745 882 contulisti,
760 822 831 866 eam
841 801 1029 867 modestiam
1038 813 1071 864 et
1081 799 1179 864 debiti
1186 802 1282 864 etiam
1290 801 1417 866 honoris

313 917 540 994 contemptum,
562 908 616 993 qui
633 908 686 974 vel
704 907 738 970 in
757 906 875 970 infimis
888 905 1067 970 hominibus
1080 925 1151 969 raro
1164 904 1338 984 invenitur3
1361 925 1418 965 nee

310 1011 424 1075 tacebit
442 1012 494 1075 vel
516 1011 738 1092 benignitatem
758 1029 831 1092 erga
852 1011 984 1076 miseros
998 1020 1031 1072 at
1043 1008 1192 1089 afflictos,
1217 1011 1270 1076 vel
1283 1008 1420 1070 liberali-

310 1125 409 1180 tatem
433 1135 506 1197 erga
523 1113 683 1180 studiosos
704 1125 736 1179 et
757 1112 883 1179 doctos:
906 1116 940 1178 in
962 1135 1024 1200 quo
1045 1133 1176 1177 numero
1198 1112 1228 1176 si
1249 1111 1319 1198 quis
1339 1110 1421 1174 mihi

310 1219 396 1284 locus
417 1229 482 1301 est,
508 1230 540 1282 et
561 1219 688 1284 siinter
707 1219 886 1298 Luscinios,
907 1216 1054 1296 Gerinos,
1076 1215 1255 1296 Tonneros,
1276 1213 1420 1293 Streitos,

311 1319 466 1410 Siphsnos
487 1333 580 1407 atque
599 1323 678 1388 alios
699 1324 888 1411 complores,
914 1321 968 1408 qui
981 1332 1034 1382 tna
1047 1319 1257 1383 munificentia
1268 1321 1420 1396 iniuntur,
1486 1351 1493 1364 =

311 1425 468 1489 numerari
478 1446 602 1490 mereor
619 1425 673 1509 (ut
686 1438 791 1491 autem
803 1446 939 1506 merear,
953 1437 1007 1488 tua
1019 1425 1197 1488 humanitas
1207 1422 1313 1510 potius
1325 1442 1421 1508 quam

309 1549 381 1593 mes
402 1527 537 1610 dignitas
552 1530 663 1615 facit),
689 1542 722 1594 et
734 1551 794 1612 ego
808 1549 925 1594 nomen
935 1549 1042 1593 meum
1055 1550 1097 1594 ex
1110 1528 1189 1610 grati
1202 1527 1300 1590 animi
1313 1526 1420 1591 officio

308 1632 448 1720 profiteri
467 1631 586 1713 debeo,
612 1635 666 1718 qui
682 1645 755 1721 post
767 1635 881 1697 multas
894 1653 1058 1697 aerumnas
1070 1631 1336 1712 tualiheralitate,
1360 1626 1422 1692 Vir

309 1736 518 1823 amplissime,
541 1734 670 1809 landam
688 1739 749 1802 hoc
770 1736 952 1805 consecutus
971 1736 1097 1816 videor,
1119 1747 1153 1798 ut
1170 1732 1210 1797 ad
1228 1755 1339 1798 omnes
1354 1735 1422 1796 lor-

310 1849 404 1904 tunaa
423 1860 528 1920 casus,
541 1841 604 1925 'qui
624 1841 706 1907 varii
724 1838 923 1930 impendent,
944 1838 1060 1925 aliquid
1071 1839 1173 1927 parati
1186 1836 1319 1902 subsidii
1338 1836 1422 1917 (nisi

308 1945 412 2008 letalis
432 1944 536 2029 aliqua
556 1945 713 2010 calamitas
734 1945 960 2027 intercesserit)
983 1965 1034 2006 me
1054 1944 1169 2006 habere
1189 1939 1363 2006 confidam:
1391 1951 1424 2001 et

307 2045 359 2106 hio
373 2066 488 2124 annus,
515 2047 563 2110 cui
577 2057 610 2109 tu
624 2059 771 2134 tanquam
784 2051 917 2112 salutare
930 2044 1089 2133 quoddam
1100 2043 1188 2109 sidus
1200 2044 1362 2123 alluisisti,
1387 2041 1424 2104 id

308 2147 388 2209 mihi
410 2148 561 2228 attulerit,
584 2149 669 2234 quod
688 2173 744 2240 per
764 2173 892 2215 omnem
912 2163 1047 2214 aetatem
1060 2150 1205 2214 exhausti
1218 2149 1342 2210 labores
1357 2168 1423 2208 non

309 2251 510 2314 contulerunt.
561 2251 606 2312 ita
630 2273 681 2316 res
703 2257 773 2340 ipsa
795 2277 847 2319 me
868 2253 974 2334 docet,
1000 2255 1096 2316 nimis
1116 2273 1227 2317 verum
1248 2248 1324 2313 illud
1350 2269 1423 2312 esse

307 2353 386 2432 regii
409 2353 492 2418 vatis
516 2351 689 2431 oraculum,
715 2356 770 2438 qui
792 2359 905 2419 frustra
928 2371 1002 2420 anta
1022 2360 1123 2420 lucem
1146 2357 1230 2437 surgi
1251 2366 1282 2418 et
1306 2373 1424 2440 panem

308 2453 433 2522 comedi
454 2452 587 2533 doloris,
611 2454 705 2519 deum
719 2468 825 2519 autem
838 2461 905 2520 suis
918 2459 969 2521 vel
982 2456 1208 2523 dormientibus
1221 2455 1424 2542 suppeditare

308 2560 416 2626 omnia
436 2560 606 2624 confirmat.
659 2560 719 2623 etsi
738 2570 844 2623 autem
861 2559 896 2622 in
917 2569 1003 2622 tanto
1025 2582 1119 2646 opere
1136 2578 1235 2643 neque
1250 2557 1424 2623 dormitare
1492 2570 1495 2578 '

309 2684 409 2750 neque
423 2661 558 2728 dormire
571 2663 720 2743 nimium,
743 2682 779 2725 ac
791 2684 832 2726 ne
844 2660 1033 2727 valetudinis
1045 2660 1170 2747 quidem
1179 2681 1309 2748 semper
1320 2664 1423 2728 ratio-

308 2790 381 2833 nem
398 2770 512 2832 habere
526 2768 612 2831 licuit
634 2766 728 2849 (nam
741 2768 819 2831 alias
833 2786 991 2852 nunquam
1004 2776 1123 2829 tantum
1136 2766 1283 2830 volumen
1297 2767 1422 2831 tantillo

308 2874 411 2958 spatio
442 2863 592 2958 temporis
621 2872 865 2954 absolvissem),
895 2881 1018 2949 tamen,
1048 2868 1078 2932 si
1096 2869 1131 2932 hi
1154 2865 1262 2932 decem
1280 2890 1423 2952 menses,

307 2975 418 3060 quibus
431 2975 464 3037 in
477 2975 535 3036 hac
549 2966 758 3039 lucubralione
771 2976 963 3039 continenter
975 2974 1118 3053 elaboro,
1144 2993 1214 3035 cum
1228 2972 1316 3036 omni
1328 2985 1423 3038 ante—

308 3088 376 3139 acta
396 3076 463 3142 vita
483 3096 555 3139 mea
574 3090 804 3164 comparentur,
829 3080 921 3165 plane
942 3076 1125 3141 dormientis
1138 3088 1204 3140 rete
1218 3076 1353 3141 traxisse
1369 3079 1424 3143 vi-

308 3175 401 3258 deor,
427 3198 541 3265 meque
561 3180 677 3261 insigni
698 3182 849 3246 beneficio
869 3192 923 3245 tuo
944 3162 1122 3246 devinctum
1136 3201 1206 3243 esse
1220 3180 1280 3244 hoc
1293 3182 1422 3266 publico

307 3284 502 3358 monimento
525 3294 639 3364 testor,
662 3284 746 3369 quod
759 3298 813 3349 tua
825 3285 1036 3349 munificentia
1050 3284 1200 3349 studiosis
1214 3283 1423 3349 historiarum
1515 3309 1516 3312 ¹

306 3410 386 3452 nunc
407 3388 542 3474 primum
562 3390 813 3456 communicatur.
865 3390 946 3453 faxit
967 3388 1043 3453 deus
1062 3389 1199 3477 optimus
1212 3388 1371 3451 maximus
1386 3400 1422 3450 ut

307 3512 408 3577 neque
437 3502 468 3554 te
498 3503 678 3579 sumptuum
706 3505 863 3557 tentonem
884 3514 986 3579 nequa
1009 3514 1060 3556 me
1080 3496 1223 3557 laborum
1242 3492 1421 3577 paeniteat,

306 3592 455 3680 idemque
485 3606 516 3657 ta
542 3616 613 3659 cum
640 3597 745 3661 liberis
766 3598 828 3661 tuis
849 3599 1056 3663 ornatissimis
1075 3610 1202 3681 totaque
1221 3594 1419 3678 amplissima

306 3697 487 3781 Fuggerana
512 3699 630 3763 familia
656 3722 750 3786 quam
777 3699 953 3767 diutissime
978 3702 1165 3766 incolumem
1194 3708 1225 3761 et
1249 3698 1420 3761 florentem

307 3814 480 3867 conservet.
530 3803 684 3884 Augustae
719 3804 973 3885 vindelicorum,
1012 3826 1053 3867 ex
1086 3792 1270 3867 bibliotheca
1305 3802 1419 3867 herili:

308 3896 444 3971 calendis
466 3906 671 3989 Novembris,
703 3928 785 3971 anno
807 3928 827 3970 a
849 3910 1012 3975 nativitate
1033 3905 1154 3971 domini
1175 3926 1294 3971 unsri.
