3050 4900
250 281 313 332 vm
704 255 908 326 DchltGll

252 445 450 518 commendat
471 445 628 534 scriptoris
650 442 801 526 eruditio,
827 465 906 532 quae
927 465 992 509 non
1015 466 1057 509 ex
1075 443 1116 510 iis
1133 445 1231 513 modo
1250 447 1353 531 colligi

251 566 371 644 potest,
404 549 458 616 sed
483 551 578 613 etiam
602 570 643 612 ex
664 550 734 612 aliis
755 569 849 635 quam
869 548 1009 636 plurimis
1029 549 1191 634 operibus,
1222 575 1353 636 quorum

252 657 388 723 indicem
409 654 516 717 huicce
535 652 720 740 praelationi
738 652 935 731 subiicimus3
960 652 994 713 in
1013 653 1123 737 quibus
1138 675 1237 738 neque
1250 676 1353 718 rerum

121 773 127 785 '
254 761 461 844 cognitionem
481 775 580 841 nequa
601 775 669 819 acre
686 755 737 820 rel
757 753 892 818 solidum
911 751 1060 818 iudicium
1079 767 1113 818 ut
1131 777 1188 820 nec
1207 757 1355 842 pietatem

253 863 408 951 quispiam
431 858 596 924 desideret.
647 858 721 945 quin
742 859 838 920 etism
851 857 879 920 si
893 857 1042 920 natalium
1055 857 1204 944 splendor
1215 862 1356 946 gestique

254 968 289 1032 iu
315 967 535 1053 imperatorum
562 961 683 1048 palatiis
709 962 904 1042 magistratus
931 961 1195 1026 existimationem
1221 961 1357 1048 aliquam

256 1069 397 1156 scriptori
408 1060 579 1158 :conciliare
600 1075 746 1150 possunt,
770 1062 853 1149 quod
871 1085 964 1127 nemo
982 1065 1060 1128 forta
1074 1065 1107 1126 in
1122 1063 1250 1128 dubium
1263 1087 1357 1131 rera-

256 1172 389 1251 cuverit,
414 1168 455 1232 da
467 1171 521 1232 illo
536 1168 698 1255 praecipua
712 1167 766 1253 qui
780 1166 818 1229 de
832 1168 923 1230 rebus
937 1167 1087 1254 politicis,
1112 1169 1146 1231 in
1161 1169 1271 1254 quibus
1284 1189 1359 1233 ver-

258 1285 342 1340 satus
361 1283 426 1354 est,
451 1272 583 1336 scribere
601 1269 789 1352 aggreditur,
815 1291 854 1333 eo
870 1290 945 1333 sane
958 1270 1104 1334 celebrari
1117 1272 1230 1358 poterit
1243 1283 1275 1335 et
1288 1272 1358 1359 ipss

258 1377 409 1443 Zonaras.
460 1396 551 1462 quem
565 1374 762 1460 'caeteroquin
777 1374 887 1437 abillo
900 1373 1040 1453 Zouam,
1066 1375 1120 1458 qui
1133 1376 1190 1438 suh
1206 1373 1360 1438 Constan-

257 1482 324 1546 ttno
351 1478 617 1566 Porphyrogenito
645 1477 759 1541 Leonis
785 1475 942 1562 Sapientis
965 1477 1031 1540 utto
1056 1477 1089 1538 in
1116 1479 1187 1542 aula
1211 1479 1293 1542 vixis
1313 1469 1360 1560 ¹),
1419 1479 1424 1489 '

259 1603 355 1664 genus
378 1581 505 1646 duxissa
528 1579 637 1644 suadet
656 1582 785 1644 omniuo
803 1561 941 1644 nominis
960 1577 1142 1644 similitudo.
1191 1582 1305 1668 quippe
1325 1581 1360 1644 io

258 1683 386 1752 loannis
406 1697 437 1750 et
455 1684 608 1749 Mauuelis
628 1681 795 1761 Gomneni,
822 1684 932 1767 quibus
945 1683 1168 1770 imperantibus
1181 1683 1277 1762 vixit,
1301 1704 1364 1770 ps-

259 1789 352 1868 latio,
384 1787 491 1870 magni
520 1786 694 1868 vigiliamm
722 1785 878 1866 drungarii
901 1807 974 1865 seu,
1006 1798 1040 1848 ut
1059 1786 1162 1849 Latini
1183 1787 1363 1866 efferebant,

259 1892 390 1978 vigilum
415 1890 562 1976 praelecti
586 1909 621 1952 ac
643 1890 736 1976 primi
756 1909 775 1952 a
797 1889 928 1960 secretis,
943 1900 1049 1970 gestae
1070 1887 1250 1969 dignitates,
1282 1890 1365 1954 inter

259 1993 442 2056 illustriores
454 2013 577 2080 semper
587 1992 728 2072 habitae,
749 2011 862 2071 magno
874 1993 972 2056 luisse
985 1990 1066 2079 apud
1080 1992 1282 2078 imperatores
1292 1994 1364 2056 loco

263 2095 339 2158 satis
353 2105 491 2172 arguunt.
537 2107 628 2178 atque
641 2116 682 2159 ex
694 2117 750 2174 eo,
764 2095 911 2174 nilallor,
925 2093 1120 2160 aTheodoro
1127 2093 1315 2160 Balsamor'w
1324 2085 1364 2178 ²)

263 2209 295 2259 at
308 2215 328 2258 a
341 2195 499 2259 Matthaeo
514 2190 696 2278 Blastara³)
711 2193 869 2284 ὑπερφυής
881 2197 1037 2279 indigitari
1049 2199 1143 2277 solet,
1166 2197 1249 2284 quod
1259 2207 1367 2262 essem

148 2383 151 2388 Δ
263 2298 343 2363 iuter
355 2297 525 2361 senatorias
537 2297 735 2382 praecipuae,
751 2319 821 2360 cum
832 2301 927 2364 hocce
936 2303 1073 2386 epitheto
1083 2313 1223 2364 senatum
1233 2322 1269 2364 ac
1277 2302 1368 2388 ipsos

218 2447 219 2452 η
266 2412 424 2465 senatores
444 2397 554 2464 donari
576 2397 685 2461 solitos
702 2408 838 2476 constet,
859 2401 905 2462 uti
919 2403 993 2464 alibi
1007 2395 1278 2484 observamus4):
1303 2423 1367 2487 quo

267 2503 393 2590 quidem
407 2516 438 2568 et
450 2502 597 2566 nobilitas
611 2502 731 2582 generis
741 2512 773 2564 et
781 2501 1014 2581 magistratuum
1022 2503 1168 2591 splendor
1175 2505 1368 2591 exprimitur,

268 2628 355 2685 cum,
386 2618 420 2671 ut
440 2606 484 2669 ait
503 2602 669 2685 Gregorius
689 2604 905 2669 Nazianzenus
920 2597 974 2688 ⁶),
1003 2606 1145 2691 μέγιστον
1163 2609 1205 2683 εἰς
1221 2606 1369 2692 εὐγενείας

268 2707 420 2786 ἀπόδειξιν
436 2705 604 2793 συγκλήτου
620 2708 767 2789 μετουσία
781 2708 941 2771 habeatur.

369 2812 491 2876 Verum
504 2810 652 2875 abdicatis
666 2822 775 2897 postas
787 2810 931 2897 palatinis
944 2810 1039 2890 curis,
1064 2832 1126 2898 quo
1139 2812 1201 2876 sibi
1213 2812 1246 2877 in
1259 2812 1370 2899 primis

270 2923 393 2983 noaret
407 2916 588 2998 animaeque
603 2914 694 2975 saluti
708 2914 894 2993 consuleret,
913 2916 1101 2979 monachum
1113 2914 1229 2994 induit,
1247 2917 1372 2979 relicta-

271 3038 330 3103 que
345 3019 418 3081 urba
432 3017 556 3104 imperii
570 3014 714 3103 primaria
726 3016 760 3077 in
771 3016 904 3081 insulam
913 3018 1111 3082 remotiorem
1119 3019 1263 3082 necessita
1285 3015 1374 3103 quod

270 3122 404 3207 ipsemet
427 3121 459 3183 in
480 3119 672 3207 praelatione
694 3117 732 3181 ad
751 3120 884 3184 Annales
903 3131 1047 3185 testeturr
1072 3142 1133 3207 quo
1153 3123 1222 3185 loco
1235 3121 1322 3185 iniis
1336 3132 1372 3185 ut

270 3244 327 3312 par
340 3233 405 3288 erat
415 3220 642 3287 conscribendis
654 3222 803 3287 librorum
816 3220 969 3288 deiectum
982 3236 1138 3303 causutur,
1155 3221 1247 3299 αὐτὸς
1258 3218 1372 3309 inspi-

273 3350 339 3412 ριος
360 3323 404 3390 ola
426 3326 477 3390 aul
499 3320 604 3410 nigore
626 3329 682 3389 cosi
703 3322 818 3403 ἄστεως
838 3326 872 3390 iv
891 3328 991 3409 νησῖδι
1006 3323 1244 3407 ἐνδιαιτώμενος.
1293 3345 1373 3414 quse

271 3449 348 3494 vero
370 3430 461 3491 morit
482 3428 613 3492 insulula
633 3429 694 3491 ista
714 3440 801 3493 tanto
824 3430 864 3491 ab
885 3431 960 3493 urbe
979 3431 1079 3514 spatio
1101 3429 1274 3517 disparata,
1306 3450 1373 3493 non

274 3544 451 3619 promptum
477 3542 525 3595 est
549 3532 687 3617 assequi,
725 3530 781 3595 sed
807 3533 858 3595 vel
884 3530 959 3596 inde
985 3536 1095 3597 saltem
1116 3535 1189 3597 lieet
1210 3533 1373 3611 coniicera,

273 3634 381 3701 venire
401 3634 436 3697 in
457 3629 584 3697 dubium
605 3632 686 3719 quod
700 3632 794 3698 tradit
805 3632 944 3699 Andreas
958 3634 1133 3712 Thevetus,
1159 3634 1288 3720 scriptor
1300 3652 1374 3697 caa-

275 3736 416 3821 taroquiu
436 3736 471 3801 iu
490 3738 559 3803 aliis
579 3733 664 3801 haud
683 3749 784 3801 certae
801 3736 893 3816 fidei,
920 3758 977 3801 sua
995 3735 1213 3801 satutarisum
1224 3735 1325 3801 adhuc
1337 3737 1374 3801 in
1433 3725 1436 3731 ’

346 3998 383 4067 1)
417 3998 545 4068 Anonym.
564 3996 705 4053 cambris.
723 3995 750 4052 iu
765 3996 965 4073 Porphyrogen.
981 4012 1010 4052 u.
1025 3994 1054 4055 8.

343 4066 386 4205 di
418 4068 696 4207 {decadi-'iim

347 4203 386 4343 il
420 4206 644 4331 uittas
660 4206 790 4349 atus.
