3050 4900
521 305 870 376 malumnvm
1054 277 1067 306 ⁸
1164 308 1242 380 sce

147 497 302 562 Ματθίαν
324 497 358 562 δὲ
378 495 431 560 τάν
446 493 501 580 τὴν
516 492 624 564 στάσιν
638 496 795 583 δγείραντα
811 495 866 560 καί
878 520 963 572 ταας
977 499 1039 562 τῶν
1054 504 1244 564 στασιαστῶν

146 600 312 665 κατίκανσε
327 602 448 678 ζῶντας.

246 703 301 766 26.
346 699 394 766 ‘H
421 701 525 784 μέντοι
556 695 646 776 νόσος
672 699 721 766 ἐπὶ
745 705 864 782 μᾶλλον
889 700 991 789 ἓκείνφ
1016 701 1244 788 ἐνεπικραίνετο,

146 806 233 888 δίκην
249 795 292 870 ὧν
306 804 502 893 παρηνόμησε
517 804 637 868 τίνοντι.
686 808 747 890 πῦρ
763 803 822 890 γάρ
837 804 1003 888 μαλθακὸν
1018 805 1058 870 τό
1073 805 1156 882 ἐντός
1172 805 1245 872 laal-

121 922 201 977 bxov
228 907 336 988 αὐτοῦ,
370 911 422 973 καί
446 913 506 974 τῶν
528 905 654 992 ίντίρων
675 897 755 990 ἦσαν
780 904 935 987 ἔλκιόσεις,
970 910 1020 974 καί
1036 906 1171 990 μάλιστα
1187 915 1282 976 caua

143 997 248 1076 κάλον
271 1008 449 1096 ἀλγήματα,
482 1012 532 1075 καὶ
559 1010 680 1096 φλίγμα
704 1011 774 1095 περί
797 1010 869 1087 τοὺς
894 1009 992 1089 πόδας
1015 1008 1108 1100 ἀγρόν
1133 1037 1166 1078 τε
1191 1015 1242 1080 καὶ

143 1115 265 1199 διαυγές
269 1163 281 1193 ,
305 1121 362 1180 τοῦ
382 1114 476 1200 ἤτρου
492 1139 525 1178 τε
542 1110 692 1191 κάκωσις,
716 1115 768 1178 καί
789 1121 845 1178 τοῦ
862 1115 978 1180 αἰδοίου
996 1122 1092 1200 σῆψις
1107 1124 1242 1200 γεννῶσα

141 1215 315 1300 σκώληκας,
349 1221 400 1282 καὶ
424 1221 470 1282 lul
493 1211 611 1293 τοότοις
626 1213 796 1303 ὀρθόπνοια
812 1223 851 1303 τῇ
867 1241 899 1282 τε
916 1218 1062 1308 ἀποφορᾷ
1078 1218 1175 1303 ἀηδὴς
1191 1224 1243 1286 καλ

140 1327 185 1407 τῷ
208 1329 263 1384 τοῦ
286 1319 449 1403 ἄσθματος
473 1328 609 1402 συνεχεῖ,
642 1323 695 1384 καί
719 1322 855 1402 σπασμοὶ
877 1323 945 1404 περί
960 1328 1022 1386 πᾶν
1039 1321 1136 1388 circu
1150 1323 1242 1406 μίλος

101 1425 282 1508 λοίγι’νοντυ.
333 1421 351 1490 δ
378 1426 411 1489 δὲ
436 1426 487 1489 καὶ
511 1421 591 1489 abac
615 1429 716 1500 κακῶς
736 1425 922 1506 διακείμενος
938 1426 970 1490 dr
986 1427 1082 1490 ἑλπίδι
1099 1427 1177 1508 ζωῆς
1192 1417 1241 1510 ἦν,

139 1526 212 1592 οὐδὲ
239 1527 515 1613 ἀποτετραμμίνως
542 1532 713 1612 κεχρῆσθαι
745 1525 993 1610 ἀπαναινόμενσς.
1041 1526 1179 1615 περάσας
1207 1531 1242 1594 δὲ

138 1632 191 1694 καί
207 1631 260 1696 τὸν
272 1629 428 1717 Ἰορδάνην
434 1679 445 1711 ,
466 1641 531 1707 τοῖς
544 1627 625 1694 κατά
641 1626 837 1718 Καλλιρρόην
853 1633 961 1717 ἐχρῆτο
978 1637 1121 1716 θερμοῖς,
1146 1633 1167 1698 ἀ
1184 1632 1241 1700 σὺν

136 1741 177 1819 τῇ
201 1739 293 1821 λοιπῇ
316 1735 409 1822 ἀρετῇ
431 1729 570 1817 τυγχάνει
594 1736 645 1798 καί
668 1731 794 1816 πότιμα.
845 1731 922 1800 ἔνθα
946 1739 988 1811 είς
1009 1733 1120 1800 πόελον
1137 1737 1240 1801 ἐλαίου

135 1837 236 1900 πλίων
257 1838 342 1923 παρά
365 1845 428 1904 τῶν
450 1839 562 1925 ίατραλν
584 1837 750 1920 ἐμβληθεὶς
771 1835 872 1914 ἴδοξεν
888 1839 1026 1902 ἐκλιπεῖν.
1077 1837 1241 1922 ἀνενεγκὼν

96 1940 173 2002 15δδ
190 1929 232 2015 είς
243 1936 424 2027 Ἱεριχοῦντα
440 1939 620 2025 νενόμιστο,
646 1937 724 2007 ἔνθα
746 1941 875 2024 μέλαινα
893 1939 985 2006 αὐτόν
1001 1940 1048 2003 ἐπὶ
1065 1945 1157 2005 πᾶσιν
1172 1937 1239 2028 ᾖρον

132 2039 224 2125 xat-
421 2036 435 2054 '

240 2148 398 2209 Τελευτῶν
426 2144 461 2209 δὲ
488 2143 614 2209 ἀνοσίαν
636 2149 746 2232 πρᾶξιν
771 2144 889 2210 ἔπινοεῒ.
939 2138 1150 2231 προστάγματι
1175 2143 1276 2232 γάρο

137 2245 233 2312 abaco
258 2249 291 2312 ἐκ
316 2244 432 2324 παντός
454 2253 511 2311 roci
534 2245 645 2321 ἔθνους
665 2253 727 2310 ταῖν
747 2247 945 2333 ἔντιμοτίρων
962 2248 1152 2334 ἀφικομένων
1168 2249 1238 2327 ἐκεῖ,

137 2353 317 2436 συγκλείσας
330 2347 447 2426 πάντας
462 2351 494 2414 ἓν
509 2353 555 2437 τῷ
571 2345 768 2436 ἱπποδρόμῳ,
784 2356 824 2436 τῇ
840 2349 959 2440 ἀδελφῇ
974 2349 1177 2438 Σαλάμηκαλ
1193 2357 1238 2440 τῷ

94 2454 225 2542 eutropi
259 2453 353 2537 αάτῆς
381 2453 487 2545 Ἀλεξᾷ
511 2453 677 2519 ἐνετέλλετο
682 2500 695 2533 ,
728 2451 804 2517 inda
831 2454 924 2531 αότδς
948 2453 1016 2543 ἀφῇ
1040 2455 1095 2539 τὴν
1119 2453 1236 2540 ψυχήν,

206 2634 223 2686 1
248 2630 417 2685 στασιαστῶν
438 2629 478 2697 Α,
506 2626 709 2693 στασιαζόντων
732 2630 802 2685 PW.
939 2634 957 2688 9
1005 2628 1066 2695 ἕλος
1089 2626 1179 2686 adsoni
1200 2631 1236 2687 A.

203 2703 237 2756 11
256 2695 323 2753 οόδὲ
338 2729 374 2739 -
391 2693 614 2768 ἀπαναινόμενος
646 2700 685 2752 sic
701 2699 762 2754 libri
778 2715 830 2751 mas
847 2716 936 2753 omnes
953 2700 967 2766 (
992 2700 1070 2751 etiam
1087 2709 1141 2753 tres
1156 2700 1236 2768 Regii

204 2780 233 2823 et
249 2762 424 2823 Colbertcua”
442 2768 611 2823 Docaucrus
634 2806 641 2822 .
663 2769 792 2835 Iosephus
810 2765 924 2829 ίατραάς
939 2782 969 2819 τε
986 2764 1170 2834 μεταπέμπων
1185 2765 1235 2821 καλ

202 2834 294 2893 dadau
310 2832 406 2905 ἀρωγά
421 2831 641 2904 ὑπαγορεύσειαν
657 2837 781 2902 χρῆσθαι
797 2830 835 2899 μὴ
852 2829 1102 2899 ἀποτετραμμένος.
1136 2834 1183 2887 aad
1201 2852 1234 2890 ex

202 2908 309 2979 losephi
332 2906 447 2975 exemplo
472 2904 659 2971 Rusbequiano
679 2906 833 2953 annotatum
854 2898 903 2953 καί
918 2894 1049 2969 ἀποτετρ.
1065 2898 1105 2972 μὴ
1122 2896 1236 2958 ἀναινό·

201 2994 292 3047 μενος.
428 2971 462 3025 14
477 2969 563 3024 πλέον
578 2971 603 3023 A
620 2977 650 3025 et
663 2970 790 3037 Iosephus
808 2968 897 3040 vulga.

236 3114 366 3167 ronnas.
401 3111 467 3180 Cap.
483 3109 527 3166 26.
562 3106 800 3178 losephidnt.17
828 3107 847 3165 6
874 3108 991 3173 §5-8
1018 3110 1078 3175 53.

132 3272 208 3340 ptam
229 3266 323 3319 loaaro
344 3281 409 3317 snae
431 3264 552 3333 coniugis
574 3261 653 3315 iratri
675 3260 763 3328 dedit,
786 3262 928 3317 Matthiana
945 3261 1084 3319 seditionis
1101 3268 1233 3323 aucmrsm

131 3345 163 3392 et
180 3336 306 3407 quosdam
322 3350 356 3386 ex
371 3332 505 3386 seditiosis
520 3332 644 3384 virentes
658 3330 795 3385 amavit.

237 3405 281 3460 26.
313 3402 456 3455 Enimvero
474 3400 579 3453 morbus
594 3401 816 3471 exasperabatur,
841 3406 872 3454 nt
887 3418 986 3472 poenas
1002 3402 1129 3457 scelerum
1146 3402 1232 3456 daret

131 3475 203 3546 ignis
226 3474 295 3527 enim
315 3471 401 3523 lentus
423 3471 482 3523 eins
503 3469 605 3537 macera
621 3468 754 3536 torrebat,
778 3470 904 3524 intestina
921 3472 1072 3525 exulcerata
1087 3477 1179 3540 erant,
1203 3473 1232 3526 in

131 3544 224 3614 primis
250 3541 302 3594 coli
326 3540 457 3593 doloribus
481 3539 664 3606 cruciabatur,
689 3547 718 3592 et
737 3539 837 3610 pituita
858 3540 939 3593 mollia
957 3559 989 3594 ac
1004 3540 1134 3611 pellucido
1150 3540 1232 3611 pedes

133 3614 262 3666 vexabat:
286 3611 429 3664 accedebat
447 3610 492 3662 imi
515 3608 615 3661 ventris
639 3607 714 3661 dolor
730 3615 759 3661 et
774 3609 951 3679 pudendorum
969 3610 1081 3681 putredo
1098 3610 1231 3664 vermibus

132 3691 239 3736 καίτοι
254 3697 305 3732 που
321 3696 373 3733 non
389 3679 551 3749 orthopnoaa
569 3685 599 3731 et
612 3680 703 3731 foetor
717 3684 804 3747 teter,
831 3686 859 3732 et
875 3682 993 3733 crebrum
1011 3678 1151 3733 anhelitum
1167 3694 1231 3733 cou-

132 3749 268 3803 rulsiorres
290 3750 400 3802 annium
421 3749 592 3801 membrorum
609 3748 809 3802 comitabantur.
846 3750 896 3803 etsi
912 3758 999 3803 autern
1014 3747 1043 3799 in
1057 3748 1140 3801 tantis
1155 3748 1231 3803 malis

133 3821 307 3885 versabatur,
330 3828 416 3871 manen
438 3816 509 3870 ritae
530 3833 603 3888 spem
624 3818 714 3870 alebat
734 3835 784 3870 nec
807 3821 840 3872 ab
864 3820 915 3873 nllo
938 3817 1117 3871 medicamenti
1132 3836 1232 3888 genera

133 3887 305 3941 abhorrebat.
339 3887 430 3957 itaque
453 3886 566 3939 Iordane
589 3888 700 3940 traiecto
723 3887 814 3942 calidis
833 3889 907 3959 aquis
926 3887 1083 3940 Callirrhoes
1099 3904 1162 3942 nsua
1180 3892 1231 3956 est,

134 3972 204 4027 quae
225 3966 331 4027 praeter
353 3965 473 4009 caeteras
495 3958 610 4010 virtutes
631 3957 711 4010 etiam
732 3958 809 4027 potui
831 3966 902 4013 sunt.
936 3957 974 4011 ibi
990 3974 1007 4011 a
1023 3956 1130 4011 medicis
1147 3958 1176 4011 iu
1192 3955 1232 4009 al·

133 4041 211 4079 voum
228 4027 285 4078 oleo
302 4026 405 4095 plenum
415 4026 533 4079 iniectus
549 4027 657 4079 animam
674 4044 753 4095 agere
770 4028 843 4082 visus
862 4034 913 4082 est.
946 4025 995 4079 sed
1011 4034 1116 4097 recepto
1134 4026 1231 4098 spirita

132 4095 330 4149 Hierichuntem
346 4096 474 4166 parietum
489 4096 524 4149 ad
541 4102 649 4149 caetera
665 4098 732 4149 mala
748 4102 808 4150 atra
825 4098 885 4151 bilis
901 4095 1023 4149 accessit.

139 4186 142 4191 ·
235 4166 382 4219 Morituros
404 4166 533 4219 nefarium
555 4165 689 4218 consilium
711 4166 789 4251 capit.
822 4182 956 4219 naucum
973 4164 1055 4218 totins
1072 4164 1160 4233 gentis
1176 4164 1230 4235 pri-

132 4250 218 4287 mores
242 4234 327 4289 edicto
353 4240 536 4300 convocasset,
562 4252 650 4288 omncs
673 4235 703 4286 in
726 4235 896 4307 hippodromo
923 4234 1067 4303 conclusit,
1092 4235 1230 4289 atrsorori
1331 4294 1333 4297 ,

133 4303 253 4359 Salonas
270 4305 381 4376 musque
395 4303 489 4369 nerito
504 4303 603 4359 Aleuae
618 4303 766 4372 manduit,
786 4304 831 4359 ubi
848 4304 956 4361 animaru
973 4303 1118 4374 coheleth,
1135 4312 1167 4360 ut
1183 4320 1230 4360 eoa
