3050 4900
267 315 374 366 xxxvl
600 292 846 367 HIERONYlll
869 293 1035 366 WOLFll

432 481 528 538 occidit
543 480 653 537 miseros
671 478 775 534 crambe
790 477 907 552 repectu
923 479 1063 553 maghtror

265 583 366 670 inquit
378 585 446 666 ille,
472 594 505 648 et
517 583 579 647 alio
592 584 662 648 loco

427 696 554 770 quidquid
571 701 655 766 egunt
670 693 805 763 homines,
820 699 928 765 votum,
948 695 1042 766 timor,
1059 696 1116 765 ira,
1133 694 1268 770 voluptas,
1328 729 1333 737 ·

426 784 541 856 gaudia,
557 783 691 839 &currus
708 780 794 836 noem
808 781 917 852 farrago
932 780 1028 838 libelli.

366 903 458 986 Quae
471 927 542 970 cum
555 907 598 969 ita
614 927 649 971 se
660 905 812 982 babeant,
828 913 861 965 et
873 902 1062 991 philosopho
1072 914 1196 970 auctore
1206 906 1382 988 singularia

262 1006 384 1072 inlicita
397 1011 460 1075 sint
469 1032 527 1074 nec
537 1012 607 1074 ullis
618 1009 765 1074 scientiae
773 1006 924 1071 limitibus
932 1004 1049 1070 includi
1056 1009 1194 1093 possint,
1208 1011 1382 1098 praecipua

263 1131 305 1175 ex
326 1113 367 1177 iis
389 1113 466 1178 scire
488 1115 564 1178 satie
586 1125 634 1178 est
654 1111 713 1197 (de
726 1111 905 1176 bominibus
920 1109 1078 1199 occupatis
1091 1113 1219 1198 loquor)
1241 1123 1273 1176 et
1287 1111 1384 1177 ordi-

261 1237 336 1280 nem
350 1228 525 1306 temporum
538 1237 574 1282 ac
587 1237 689 1283 rernm
703 1225 861 1298 gestarum
871 1216 978 1280 animo
991 1217 1164 1302 complecti.
1216 1235 1312 1302 quam
1334 1214 1382 1280 ad

261 1341 329 1383 rem
348 1341 413 1386 non
434 1341 543 1408 parum
564 1319 737 1385 adiumenti
752 1320 862 1383 afferet
874 1320 1016 1386 Zonaras
1028 1331 1152 1400 noster,
1177 1321 1232 1405 qui
1244 1320 1283 1382 ab
1298 1321 1383 1384 othe

262 1421 388 1488 condito
410 1425 586 1514 auspicatus
608 1424 650 1488 ad
671 1443 762 1489 suam
783 1444 882 1510 usque
902 1435 1054 1502 centem,
1079 1425 1141 1488 hoc
1155 1421 1257 1490 estad
1272 1443 1381 1488 annos

261 1525 374 1590 abhinc
397 1531 530 1617 amplius
552 1526 616 1594 400
639 1527 802 1615 processit.
853 1530 889 1593 in
909 1549 973 1614 quo
993 1547 1123 1592 necesse
1142 1526 1253 1590 habuit
1272 1526 1382 1615 prima

261 1631 350 1714 quasi
363 1652 466 1695 rerum
479 1643 634 1715 gestarum
648 1632 798 1694 cunabula
812 1651 854 1694 ex
866 1633 977 1696 litteris
992 1633 1104 1711 sacris,
1129 1629 1265 1718 Iosepho
1281 1641 1382 1716 atque

261 1734 332 1797 aliis
347 1737 546 1822 scriptoribus
560 1735 693 1800 vetustis
704 1746 855 1823 repetere.
906 1736 1103 1822 quaenobis,
1121 1731 1382 1820 siabsqueMose

178 1836 182 1845 '
260 1839 386 1916 suisset,
406 1841 498 1926 plane
511 1841 636 1921 ignotae
651 1849 772 1902 essent:
792 1839 842 1900 cui
855 1860 915 1904 uos
930 1851 963 1901 ut
976 1836 1125 1902 divinitus
1139 1835 1250 1902 edocto
1264 1838 1380 1920 religio

261 1953 382 2021 nostra,
403 1945 546 2028 quamvis
561 1940 745 2008 adversante
759 1941 976 2030 philosophia,
993 1932 1118 2005 credere
1131 1941 1218 2006 iubet
1231 1963 1267 2003 ac
1280 1943 1381 2022 cogit.

263 2054 329 2106 utut
352 2045 406 2124 sit,
433 2059 591 2111 auctorem
612 2067 651 2110 eo
674 2045 881 2130 antiquiorem
900 2058 933 2110 et
951 2045 1114 2109 certiorem
1129 2068 1193 2109 non
1209 2045 1380 2111 habemus.

262 2155 312 2208 est
334 2147 420 2209 enim
443 2147 569 2212 Iudaica
590 2149 722 2214 historia
742 2150 841 2214 veluti
859 2148 1096 2214 irmdamentum
1116 2161 1170 2212 aut
1187 2149 1381 2237 principium

262 2258 452 2312 caeterarum
464 2253 624 2313 omniumr
650 2262 682 2313 et
695 2253 797 2334 gentis
809 2255 894 2318 illius
907 2253 1022 2318 mirum
1035 2250 1193 2338 quoddam
1206 2255 1323 2332 latum,
1342 2263 1380 2315 ut

262 2370 363 2438 paene
386 2363 483 2416 totum
504 2364 653 2416 terrarum
673 2355 781 2414 orbem
796 2369 980 2439 pervagata,
1004 2357 1039 2419 in
1052 2357 1185 2420 summis
1199 2367 1380 2420 exterarum

184 2469 187 2479 “
263 2456 402 2535 gentium
423 2454 505 2521 odiis
527 2467 558 2520 et
576 2452 863 2535 adversationibus,
889 2470 995 2520 tamen
1010 2460 1176 2543 opiniones
1191 2480 1264 2522 suas
1277 2460 1379 2522 mira-

263 2558 319 2621 bili
333 2560 402 2624 sive
414 2560 583 2649 pertinacia
595 2558 665 2625 sive
679 2560 853 2622 constantia
867 2555 1056 2640 defenderit,
1070 2572 1163 2645 atque
1174 2560 1269 2621 etiam
1278 2560 1379 2624 hodie

262 2672 400 2744 tueatur,
426 2676 458 2729 ct
471 2666 587 2728 multos
601 2662 634 2725 in
647 2682 737 2726 suam
750 2663 937 2727 sententiam
949 2662 1140 2750 pertraxerit.
1192 2663 1282 2747 quale
1296 2656 1381 2728 nihil

261 2765 296 2829 in
310 2770 440 2834 caeteris
453 2769 576 2857 populis
588 2767 736 2830 cernitur:
763 2786 895 2851 quorum
908 2767 1075 2845 historiae,
1096 2764 1222 2829 insertis
1233 2766 1330 2829 etiam
1344 2780 1378 2831 et

263 2872 426 2956 explicatis
439 2872 581 2937 Danielis
595 2882 627 2936 et
637 2871 770 2936 aliorum
779 2874 999 2958 prophetarum
1009 2870 1155 2946 oraculis,
1170 2869 1270 2933 obiter
1278 2870 1377 2933 attin-

262 2984 389 3055 guntur,
411 2988 446 3038 ut
459 2976 682 3063 Aegyptiacae,
698 2974 861 3059 Assyriae,
878 2974 1036 3053 Persicae,
1053 2969 1287 3052 Macedonicae,
1304 2972 1377 3037 llo-

262 3096 385 3143 manae.
436 3098 612 3168 quanquam
627 3078 676 3139 his
689 3078 843 3166 peculiare
856 3081 1004 3144 volumen
1018 3073 1192 3157 dedicavit,
1217 3074 1300 3161 quod
1313 3098 1375 3158 ego

261 3178 296 3243 in
319 3176 398 3243 duas
419 3192 522 3268 partes
545 3178 688 3259 distinxi,
715 3192 747 3243 et
762 3177 956 3247 Christianos
968 3183 1171 3269 imperatores
1186 3182 1226 3243 ab
1240 3180 1374 3244 ethnicis

264 3283 424 3371 separavi,
443 3296 477 3347 ut
489 3294 589 3349 totum
602 3304 681 3371 opus
693 3284 878 3372 tripartitum
892 3298 986 3351 esset.
1037 3282 1078 3348 de
1091 3285 1178 3348 cuius
1192 3296 1376 3366 argumento

263 3386 423 3455 hactenus.
473 3408 555 3451 nunc
569 3388 665 3451 etiam
679 3385 719 3452 de
734 3392 816 3471 stylo
830 3390 965 3455 auctoris
977 3388 1121 3452 nonnihil
1135 3401 1183 3452 est
1197 3386 1375 3468 dicendum,

263 3491 318 3576 qut
332 3511 402 3554 cum
414 3512 479 3555 non
492 3492 583 3553 unius
598 3492 639 3555 sit
650 3493 772 3572 generis
782 3498 958 3573 etlormae,
973 3490 1028 3559 sed
1038 3515 1095 3580 pro
1103 3492 1254 3556 varietate
1264 3503 1375 3554 aucto-

263 3614 348 3675 rum,
374 3616 393 3658 e
406 3596 516 3681 qulbus
530 3596 608 3657 haec
621 3596 717 3680 petita
733 3608 822 3679 aunt,
847 3610 879 3661 et
891 3598 960 3685 ipse
973 3597 1091 3676 variet,
1111 3596 1147 3658 in
1160 3596 1269 3657 ultimo
1282 3606 1373 3657 tomo

264 3700 461 3784 praesertim,
486 3718 547 3784 qua
567 3709 666 3761 aetate
688 3699 807 3766 Graeca
827 3702 941 3789 pariter
954 3712 987 3764 et
998 3700 1144 3764 llomana
1158 3698 1261 3779 lingua
1276 3693 1375 3778 dege-

265 3802 402 3882 neravit,
429 3800 540 3867 eruditi
551 3801 696 3866 homines
709 3802 743 3863 in
757 3826 796 3867 eo
809 3806 952 3868 nonnihil
966 3801 1195 3866 desiderabunt.
1246 3799 1375 3865 deside-

266 3903 336 3967 ravi
356 3916 389 3968 et
406 3908 475 3994 ipse
495 3902 654 3985 nonnihil,
678 3907 904 3991 parsimoniam
924 3909 958 3970 in
978 3905 1088 3991 primis
1109 3902 1373 3969 Demosthenicae

265 4006 434 4088 orationis,
459 4028 539 4094 quae
551 4029 623 4072 meo
637 4008 741 4095 p'alato
755 4012 848 4092 longe
861 4014 920 4073 luit
931 4009 1062 4090 gratior,
1088 4018 1120 4072 et
1133 4005 1175 4071 ad
1190 4020 1374 4074 converten-

264 4106 341 4173 dum
354 4132 417 4176 non
430 4122 549 4175 tantum
563 4109 725 4176 iucundior
738 4112 794 4178 sed
808 4115 903 4177 etiam
914 4111 1051 4175 facilior:
1073 4122 1140 4176 utut
1153 4113 1223 4177 eliis
1237 4110 1372 4174 difficilis

263 4212 420 4296 videatur,
436 4225 467 4277 et
480 4234 551 4279 mea
564 4216 714 4280 tenuitate
728 4218 879 4306 superior.
928 4216 1114 4280 naminhoc
1123 4228 1248 4279 auctore
1258 4216 1373 4277 multae

265 4329 336 4382 sunt
348 4331 402 4384 aut
412 4318 492 4382 mihi
504 4330 585 4382 certe
598 4340 669 4386 esse
678 4320 1073 4409 videnturnepcoooloyloc,
1090 4316 1373 4407 quaeutGraecum
