3050 4900
512 312 758 384 PRAEFATIO.
1125 343 1184 390 nr

99 499 258 566 domestice
281 498 499 566 consuetudine
518 501 633 568 Wollii
652 503 737 590 cepi,
762 515 798 567 ut
815 503 883 569 eius
899 503 1015 572 laboris
1026 525 1183 593 nunquam

98 601 468 692 mepaeoiteredebcat.²'
520 605 666 668 hactenus
679 607 741 669 ille.

189 706 350 771 Geetemm
360 729 424 772 non
437 728 498 770 nna
510 719 560 772 est
571 708 604 770 in
617 729 682 774 mss
697 705 854 774 codicibus
866 710 1008 776 Zonaras
1018 711 1185 778 hnna'litun

94 808 299 896 descriptionis
316 811 416 890 ratio,
440 831 496 876 seu
515 830 618 874 rerum
635 813 668 874 in
686 813 727 876 iis
746 823 996 900 pertractaturum
1010 825 1185 902 spectentur

91 925 277 994 argumenta,
304 934 385 998 quaa
402 915 435 976 in
455 912 639 999 quibusdam
657 935 697 978 ex
714 915 755 978 iis
775 916 810 978 in
828 917 1033 997 marginibus,
1058 938 1114 981 seu
1128 921 1183 1005 qui

89 1013 254 1096 interdum,
278 1037 350 1080 cum
368 1037 452 1081 nova
470 1019 632 1082 inchoatur
650 1019 795 1100 materia,
815 1018 931 1106 inipso
945 1031 1090 1084 contextu
1102 1023 1184 1086 tituli

89 1131 286 1205 apponuntur.
337 1140 374 1182 ac
391 1131 470 1184 certa
488 1120 591 1206 quoad
606 1131 697 1186 notas
712 1123 790 1186 istas
800 1123 1003 1203 marginales,
1023 1145 1088 1187 non
1098 1143 1185 1188 sem·

90 1241 140 1307 per
156 1223 253 1286 etiam
271 1218 402 1286 eaedem
414 1223 447 1286 in
461 1225 604 1290 omnibus
617 1226 843 1312 exemplaribus
856 1227 889 1288 in
902 1228 1012 1312 quibus
1023 1227 1184 1308 habentur,

89 1345 139 1386 nec
148 1325 247 1390 simili
260 1323 396 1390 dictione
410 1339 563 1392 exaratae.
613 1329 647 1390 in
661 1326 845 1414 quibusdam
857 1342 1015 1416 praeterea
1028 1327 1184 1394 interdum

89 1428 182 1512 plures
203 1449 242 1491 ac
263 1431 431 1494 crebriores
445 1451 538 1515 quam
551 1432 685 1510 broliis,
711 1433 743 1494 in
759 1431 942 1516 quibusdam
954 1454 1011 1520 per
1021 1432 1184 1498 intervalla

88 1531 275 1611 longiuscula
286 1535 445 1598 breviores
458 1547 626 1599 occurrunt.
675 1533 709 1596 in
723 1535 793 1598 aliis
807 1532 939 1620 denique
950 1557 987 1598 ac
1002 1536 1185 1622 antiquiori-

88 1635 138 1697 bus
151 1633 311 1700 codicibus
324 1639 425 1701 nullae
438 1637 503 1702 lere
516 1659 638 1725 semper
648 1637 811 1702 habentur.
860 1640 966 1703 scribit
978 1638 1044 1702 Leo
1054 1639 1185 1704 Allatius
1295 1665 1302 1680 ·

86 1735 271 1803 inDiatriha
285 1737 324 1802 ds
336 1738 478 1820 Georgiis
492 1743 546 1804 nbi
559 1740 598 1804 de
612 1739 751 1805 cedreno
766 1732 881 1824 agiel),
895 1753 1018 1806 exstare
1029 1743 1063 1804 in
1073 1741 1188 1804 biblio·

87 1837 170 1902 theca
197 1842 357 1906 Slortiana
384 1841 523 1907 codicem
548 1846 705 1925 ingentem
733 1843 861 1923 Georgii
888 1845 1047 1926 Scylitzae
1071 1861 1189 1904 nomen

85 1945 325 2025 praeferentem,
345 1947 415 2008 licet
434 1948 542 2011 unicos
557 1945 708 2010 duntaxat
720 1947 863 2010 Zonaras
874 1945 1013 2008 Annales
1026 1943 1189 2005 contineat.

85 2043 136 2107 sed
158 2059 193 2110 et
213 2049 294 2112 inter
306 2047 428 2114 codices
440 2051 598 2116 Palatinos
611 2049 749 2114 Romam
763 2047 915 2110 adrectos
927 2063 963 2106 se
976 2042 1092 2106 vidisse
1104 2045 1187 2107 eius-

84 2141 154 2211 dem
166 2150 313 2216 Zonaras
325 2154 490 2216 historiam
502 2151 654 2238 principio
668 2151 831 2225 mutilam,
847 2165 867 2207 a
879 2146 1054 2209 monarchia
1065 2145 1185 2211 Roma-

82 2268 198 2314 uorum
222 2253 440 2338 incipientem,
478 2255 513 2314 in
534 2271 611 2334 qua,
646 2250 706 2310 etsi
727 2249 809 2312 notis
830 2250 871 2312 ab
889 2249 1018 2311 historia
1042 2246 1184 2332 diversis,

80 2352 263 2435 praefixum
289 2365 337 2415 eet
361 2354 392 2414 Γ
391 2353 514 2436 εωργίου
539 2357 593 2415 τοῦ
615 2350 774 2432 Σκυλίτζη.
822 2371 900 2434 quas
921 2349 1051 2436 quidem
1070 2351 1184 2432 differt,

82 2454 202 2539 inquit,
224 2457 265 2517 ab
286 2454 368 2517 edito
387 2455 524 2531 zonara,
547 2452 628 2539 quod
639 2456 673 2517 in
687 2456 787 2539 capita
801 2452 903 2519 divisa
917 2456 1031 2540 ubique
1045 2477 1184 2521 summa-

84 2556 126 2617 ria
149 2559 288 2643 capitum
307 2558 463 2621 exhibeat.
508 2551 571 2619 “an
591 2556 806 2621 summarum”
828 2556 933 2621 subdit
950 2557 1037 2622 idem
1055 2560 1184 2623 atterius

83 2652 210 2727 “auctor
231 2660 383 2743 Scylitzes
404 2658 487 2723 iste‘l
511 2679 551 2723 an
571 2673 731 2747 propterea
745 2662 797 2725 rel
809 2659 918 2723 iraude
934 2681 990 2724 sua
1003 2664 1185 2726 velexscri-

87 2773 208 2847 ptorum
226 2763 388 2827 oscitantia
400 2762 548 2827 historiae
562 2774 666 2827 auctor
680 2762 945 2827 comminiscitur”
969 2783 1026 2825 seu
1039 2763 1186 2841 fingitur‘l

89 2864 165 2931 tande
186 2887 314 2954 prorsus
335 2867 405 2929 licet
425 2866 575 2929 coniicere
595 2868 706 2929 haecce
725 2885 829 2929 rerum
846 2872 1025 2943 argumenta
1038 2885 1102 2927 non
1116 2884 1187 2928 esse

90 2967 181 3053 ipsius
199 2970 361 3049 Zonaras,
390 2980 457 3031 tum
471 2990 512 3031 ex
525 2990 564 3034 eo
579 2969 673 3031 stiam
687 2966 770 3057 qood
783 2966 918 3033 dirersis
931 2986 1025 3051 saepe
1039 2979 1187 3055 concepta

92 3072 188 3137 verbis
201 3074 358 3152 legantur,
377 3083 445 3137 tum
456 3070 554 3157 quod,
573 3084 608 3133 ut
618 3072 721 3157 attigi,
735 3072 821 3134 varie
831 3071 1021 3150 marginibus
1035 3070 1185 3153 codicum,
1210 3075 1214 3083 '

94 3173 160 3239 alibi
181 3176 298 3239 scilieet
315 3176 431 3256 rarius,
456 3174 530 3239 alibi
550 3175 677 3255 singulis
698 3177 797 3237 lerms
815 3172 954 3260 periodis
973 3175 1186 3261 appingantur.

95 3277 173 3358 qnod
193 3299 285 3363 quam
304 3278 411 3343 inutile
433 3279 545 3343 situel
567 3298 608 3341 ex
627 3298 665 3341 eo
685 3287 785 3361 patet,
807 3274 890 3360 quod
910 3278 1002 3356 longe
1022 3281 1119 3343 satius
1140 3289 1187 3341 est

95 3397 173 3461 quae
195 3380 228 3441 in
248 3392 393 3445 contextu
411 3380 545 3445 breviter
565 3378 716 3465 descripta
737 3380 889 3443 habentur
906 3381 1026 3463 legere,
1046 3400 1140 3469 quam
1152 3379 1186 3441 in

94 3485 291 3564 argumentis,
324 3504 394 3547 cum
420 3481 551 3547 totidem
578 3486 642 3547 lere
665 3502 791 3568 semper
815 3483 919 3547 verbis
947 3494 1098 3565 constent.
1149 3501 1185 3545 aa

95 3586 308 3671 qualiacunque
337 3596 408 3649 sunt
435 3598 466 3647 et
491 3583 664 3652 cuiusmodi
689 3585 724 3647 in
751 3584 817 3648 suis
845 3585 998 3650 codicibus
1024 3588 1186 3648 invenerat

94 3684 298 3771 Hieronymus
311 3688 451 3755 Wolfius
464 3687 497 3747 in
509 3687 687 3749 interiorem
700 3684 846 3751 editionis
860 3708 934 3751 suae
946 3688 1118 3766 marginem
1131 3707 1186 3749 seu

95 3789 127 3853 ad
144 3790 294 3856 Graecam
309 3792 481 3853 columnam
495 3788 546 3851 edi
558 3790 688 3867 curavit,
709 3800 822 3851 etcum
835 3814 899 3853 non
910 3789 988 3852 tanti
1003 3786 1186 3868 viderentur,

95 3913 196 3958 eornm
217 3895 325 3959 omisit
344 3896 641 3980 interpretationem,
663 3894 745 3956 notis
767 3894 836 3955 eliis
856 3890 1048 3956 brevioribus
1067 3892 1186 3957 Latinis

95 3994 128 4059 ad
144 4000 275 4062 alteram
288 3998 457 4060 columnam
468 3998 582 4083 pariter
593 3994 769 4083 adscriptis,
796 4016 874 4081 quae
887 3992 1019 4058 subinde
1031 3994 1071 4059 de
1084 4018 1186 4061 rerum
1272 3993 1276 3999 ’

95 4103 277 4183 argumentis
292 4101 434 4167 lectorem
447 4098 657 4165 admonerent.
687 4100 968 4187 hartunplerasque
978 4098 1009 4162 in
1020 4100 1078 4163 hnc
1085 4098 1184 4181 Regia

96 4250 288 4269 w

156 4333 193 4403 1)
230 4332 336 4401 [imno
353 4324 397 4381 ubl
414 4325 448 4379 ds
465 4326 583 4395 Scylitra
600 4326 671 4397 agit,
688 4343 713 4377 c.
730 4322 795 4393 22]
