3050 4900
548 268 552 277 ι

603 316 753 387 NOTAE.
915 352 921 359 ·
1149 314 1224 388 575

216 530 247 589 p.
268 504 331 571 222
351 522 381 568 r.
403 503 454 567 19.
493 498 529 565 ni
551 498 624 582 ίσην
645 506 710 576 τοῖς
727 494 877 583 inpriore
895 494 1093 586 γενήσεσθαι]
1122 516 1297 578 verte-1³9

134 617 198 659 ram
218 594 365 675 principio
385 589 546 667 aequitatis
565 608 638 666 erga
658 588 793 649 subditos
812 586 1071 648 observationem:¹
1097 611 1171 650 nam
1196 589 1230 657 εὖ

135 686 203 747 ἴσον
235 698 325 759 saepe
360 672 394 739 ni
423 676 540 736 δίκαιον
567 673 619 735 sai
646 670 773 747 ἐπιεικὲς
796 672 851 737 καί
877 667 1043 738 ianam
1071 678 1229 755 significat.

136 768 189 828 sed
210 767 282 846 quia
303 760 341 820 de
360 762 511 827 eversione
529 761 615 837 regni
629 760 741 837 agitur,
763 761 883 839 reposui
896 762 933 821 id
942 761 1069 819 subdiuis
1076 765 1231 841 perfero,

136 853 255 915 nullam
269 847 427 927 potestatis
441 847 685 923 praerogativam
704 844 888 904 batumum.
931 847 986 909 W.

219 956 251 1015 p.
281 938 343 997 228
370 950 400 991 v.
429 933 480 995 12.
528 923 694 1007 οκοὶφευοις
726 932 826 991 Persis
860 931 1005 991 usitatum
1039 932 1232 1013 supplicium,

136 1020 272 1101 illudque
292 1036 364 1098 prae
385 1015 508 1075 caeteris
530 1014 754 1075 acerbissimum
773 1034 809 1075 ao
826 1020 1060 1092 anoeusimum,
1084 1028 1119 1075 nt
1137 1028 1234 1077 terta-

70 1126 73 1132 '
137 1120 187 1169 tur
213 1108 368 1183 Eunapius
395 1103 428 1159 iu
454 1102 588 1171 Maximo
612 1120 642 1179 Ρ.
668 1102 727 1165 105
748 1097 839 1183 μικρὰ
859 1099 916 1185 peip
936 1102 979 1183 (ii
999 1098 1160 1185 cuppopsi)
1181 1101 1235 1165 καί

137 1192 161 1275 ἡ
189 1195 317 1273 Περσῶν
344 1184 486 1268 λεγομένη
516 1182 695 1265 nicanore,
724 1207 797 1245 nam
817 1188 1024 1265 coaptemus,
1051 1188 1236 1267 supplieiwrs

139 1280 241 1339 Peraia
271 1276 434 1343 mitatem,
459 1292 537 1349 prae
564 1273 716 1334 tormentis
743 1272 815 1332 huic
845 1272 952 1331 allatis
974 1294 1106 1351 pomam
1121 1273 1232 1353 suerri.

139 1362 211 1423 binc
233 1352 395 1437 σαοφεείειν
416 1354 496 1436 apud
517 1358 646 1417 cresium
666 1358 698 1417 in
718 1358 845 1419 Persicis
864 1378 894 1438 Ρ.
918 1359 974 1433 11,
1006 1360 1058 1419 ubi
1078 1358 1116 1418 de
1136 1363 1238 1439 Aspa-

141 1451 230 1508 mitra
259 1448 311 1525 qui
336 1446 471 1503 xerxem
499 1452 529 1501 et
549 1444 711 1503 Dariaeum
729 1444 936 1519 interfecerat,
968 1453 999 1503 et
1017 1444 1099 1524 apud
1116 1446 1237 1504 Plutar-

142 1532 234 1593 chum
267 1533 299 1589 in
331 1532 515 1603 Artaxerxe,
553 1547 572 1587 a
598 1546 657 1609 quo
687 1526 789 1589 bausit
814 1532 947 1589 Zonaras
977 1548 1054 1609 quae
1080 1528 1171 1589 habet
1198 1529 1238 1589 (1ο

142 1616 267 1677 huiusce
296 1615 436 1694 supplicii
460 1613 572 1672 Persici
593 1610 809 1693 descriptione,
836 1617 959 1674 tametsi
978 1615 1077 1674 verbis
1098 1617 1239 1695 aliquan-

143 1716 209 1763 tum
236 1701 417 1774 immutatis,
445 1698 499 1755 ubi
527 1696 565 1759 rie
592 1696 765 1759 Mithridate
791 1703 844 1782 qui
868 1702 982 1781 Cyrum
1002 1719 1034 1761 se
1055 1702 1240 1761 interfecisse

144 1787 335 1869 gloriabatur.
377 1782 446 1843 vide
475 1793 627 1863 praeterea
654 1786 764 1845 Baton.
791 1784 831 1843 ad
856 1786 1010 1867 Martyrol.
1030 1789 1072 1851 28
1092 1787 1179 1862 iulii,
1209 1774 1255 1845 et¹

145 1875 309 1935 Antonium
331 1870 505 1929 Gallonium
527 1868 564 1928 cle
586 1872 771 1930 Cruciatibus
790 1873 956 1949 Martyrum
976 1891 1007 1950 Ρ.
1029 1874 1080 1934 12.
1121 1874 1199 1931 Duc.

228 1978 259 2037 p.
280 1955 343 2017 225
364 1974 394 2017 v.
416 1959 445 2020 8.
488 1951 522 2017 ro*
544 1952 575 2019 δ’
595 1955 627 2017 iv
649 1954 730 2039 μέρει
751 1956 875 2035 στῆναι]
907 1956 941 2019 ἐν
969 1954 1053 2036 μίμεο
1083 1957 1158 2015 alias
1184 1976 1242 2033 per

147 2046 245 2114 erices,
268 2042 417 2110 vicissim,
441 2038 564 2099 alternis
584 2042 750 2121 significat;
781 2040 908 2101 sedhic
929 2042 1016 2101 aliter
1035 2062 1100 2102 esse
1120 2052 1243 2103 tenen-

147 2130 220 2189 dum
241 2125 385 2187 sententia
405 2120 500 2183 docet.
542 2126 597 2183 W.

231 2232 262 2293 Ρ.
284 2209 346 2274 225
366 2208 467 2274 vsi&
511 2204 563 2271 καί
596 2206 734 2285 ίξουσίαυ
765 2210 843 2295 λέγει
871 2212 1004 2291 δοθῆναι
1029 2200 1129 2297 nivei]
1161 2209 1247 2293 λίγα,

149 2301 263 2360 scilicet
284 2294 303 2359 o‘
322 2288 494 2375 προφήτης·
516 2286 614 2377 crispi,
635 2299 680 2381 spi
698 2296 809 2381 θηρίῳ.
851 2317 909 2356 nec
922 2300 1002 2358 enim
1014 2296 1247 2376 intelligendum

148 2380 194 2447 ‘tiss
221 2379 256 2446 so*
284 2382 397 2462 θηρίον
424 2378 500 2460 λέγει
528 2377 624 2462 ἑαυτῷ
651 2382 784 2461 δοθῆναι
809 2381 965 2460 ἐξουσίαν,
991 2394 1167 2463 potestatem
1188 2380 1249 2440 sibi

151 2489 211 2528 esre
231 2469 353 2526 datam:
381 2485 453 2524 nam
472 2466 505 2523 in
525 2465 651 2526 Daniele
672 2464 731 2528 hoc
748 2478 865 2528 tantum
886 2472 1009 2551 legitur,
1035 2472 1121 2550 eique
1139 2467 1247 2528 datum

151 2566 195 2614 est
213 2554 381 2632 imperium.
426 2551 481 2613 W.

235 2659 266 2719 Ρ.
288 2643 351 2703 227
370 2655 400 2696 v·
421 2633 473 2699 15.
515 2631 569 2710 seir
588 2635 712 2718 βίβλους
731 2641 787 2700 rori
800 2637 945 2720 Ῥωμαίου
960 2635 1097 2717 Δίωνος]
1117 2637 1248 2696 Dionem

153 2726 289 2786 Cassium
317 2725 462 2780 Nicaeum
489 2722 647 2800 intelligit,
681 2725 731 2802 qui
757 2723 962 2781 Romanorum
989 2721 1146 2782 historiam
1175 2742 1250 2781 con-

154 2810 288 2890 scripsit,
312 2818 343 2868 et
363 2826 454 2888 quem
474 2809 606 2865 Zonaras
627 2809 793 2882 integrum,
815 2825 875 2863 non
895 2817 931 2864 ut
950 2804 1042 2865 bodie
1063 2818 1161 2866 exstat
1181 2827 1251 2866 ma·
1365 2875 1370 2884 Ι

154 2899 239 2954 xima
261 2897 310 2954 sui
329 2904 412 2970 parte
433 2893 600 2969 mutilum,¹
615 2887 689 2944 vidit
710 2895 739 2945 et
759 2907 810 2946 sae
833 2909 850 2946 e
870 2893 1021 2953 exscribit.
1061 2891 1138 2955 Duc.

240 2997 272 3055 p.
294 2979 356 3040 229
378 2993 406 3030 v.
428 2973 459 3036 0.
501 2967 634 3052 ποταμός
670 2967 765 3052 πυρός
800 2907 896 3038 siluas
928 2975 1165 3060 ἐκπορευόμενος
1200 2975 1252 3059 ἔμ-

157 3067 292 3142 προσθεν
321 3051 432 3135 uisci]
465 3049 560 3118 είίκεν
586 3059 658 3136 poni
684 3057 804 3118 videtur
824 3052 893 3124 οἷντί
913 3067 974 3128 τοῦ
989 3065 1093 3127 είίεῖτο
1112 3065 1162 3127 vel
1182 3061 1254 3129 ὲκεί-

158 3167 261 3230 μαενε,
286 3141 461 3204 volvebatur
479 3144 529 3201 vel
547 3141 692 3205 undabat.
734 3145 789 3209 W.

245 3251 277 3311 Ρ.
304 3231 366 3294 230
394 3249 424 3290 v.
449 3229 502 3292 21.
543 3225 579 3291 τί
612 3223 799 3311 ὖψηλὸεερον
834 3221 992 3311 α’νίβαινεν
1024 3227 1077 3296 ἐπ’
1109 3230 1253 3315 ίοχοὶτου]

160 3317 253 3378 altius
279 3312 422 3394 surgebat
445 3315 602 3391 poneius:
646 3326 767 3394 propter
794 3326 928 3375 coactam
952 3320 1088 3379 Zonaras
1108 3321 1256 3399 interpre-

161 3405 307 3463 tationem
342 3400 465 3459 visionis
497 3401 585 3459 istius
609 3410 728 3460 coactus
755 3418 824 3458 sum
849 3411 965 3462 vertere
990 3401 1025 3468 τὸ
1051 3397 1103 3467 ία’
1131 3401 1255 3486 ίοχοὶτου

160 3489 205 3548 ad
223 3497 393 3546 extremum.
436 3485 512 3550 10.·

248 3593 278 3652 Ρ.
298 3572 362 3634 240
382 3589 413 3632 r.
433 3572 465 3634 7.
505 3569 562 3632 rosi
587 3563 804 3653 ἀποκριθῆναι,
818 3568 871 3634 καί
890 3575 948 3637 soci
966 3572 1183 3654 οἰκοδομῆσαι]
1212 3575 1257 3634 sic

165 3661 197 3718 in
215 3659 300 3716 Lxx
313 3656 522 3736 interpretibus
535 3656 654 3732 legitur.
696 3657 749 3714 sed
767 3666 854 3716 vetus
868 3659 1022 3718 translatio
1036 3657 1126 3719 babet
1139 3671 1258 3719 tantum
1291 3657 1295 3664 ’

165 3743 206 3805 ab
230 3745 311 3822 ααίσει
334 3742 476 3800 somnum
503 3751 538 3798 ιισ
560 3741 669 3798 donem
690 3741 863 3815 aedrfieetur
882 3744 1083 3804 Htoueakm.
1129 3747 1259 3806 castalio

167 3831 310 3888 convertit
330 3826 370 3884 ab
392 3827 468 3884 edito
488 3823 632 3884 mandato
652 3825 689 3882 de
708 3827 807 3886 reditu
826 3839 855 3886 et
874 3829 911 3888 de
929 3830 1130 3889 ἰοεσοαναοείο
1149 3833 1262 3890 Hiero-

168 3914 294 3994 solymo.
338 3909 393 3972 seri
413 3905 680 4016 μίμίπουμεθῆναι
706 3922 786 4018 recte
813 3913 939 4018 legitur,
966 3917 1037 3995 poni
1063 3915 1182 3976 ridetur
1206 3936 1262 3996 pro

170 3998 1265 4170 initiali..iiiiii'liiiltil't.‘.‘“'⁰.1{l.‘³⁰.i.i,iil}

173 4165 212 4227 de
231 4186 372 4249 responso
392 4185 411 4226 a
430 4166 550 4246 regibus
571 4167 729 4228 Persarum
750 4167 860 4230 dando.
901 4171 957 4233 W.

255 4273 286 4334 Ρ.
308 4255 368 4317 261
388 4272 418 4318 r.
440 4255 492 4319 10.
531 4247 575 4335 ἦν
601 4254 705 4326 ου’τοῖς
730 4247 843 4337 ἀγοραί]
873 4274 915 4316 ex
938 4255 1139 4339 Xenophonte
1154 4261 1211 4326 lib.
1233 4265 1263 4327 1.
1279 4265 1304 4320 P
1318 4265 1355 4321 10

172 4338 242 4404 side
261 4340 446 4402 brissoniurn
466 4339 504 4400 ‹le
525 4341 630 4422 Regno
650 4341 767 4406 Persas.
787 4342 842 4403 lib.
862 4347 884 4410 2
904 4363 934 4425 Ρ.
952 4343 1025 4407 240.
1066 4347 1144 4412 nuc.
