<?xml version="1.0" encoding="UTF-8"?>
<!DOCTYPE html PUBLIC "-//W3C//DTD XHTML 1.0 Transitional//EN"
    "http://www.w3.org/TR/xhtml1/DTD/xhtml1-transitional.dtd">
<html xmlns="http://www.w3.org/1999/xhtml" xml:lang="en" lang="en">
 <head>
  <title>
</title>
<meta http-equiv="Content-Type" content="text/html;charset=utf-8" />
  <meta name='ocr-system' content='tesseract 3.04.00' />
  <meta name='ocr-capabilities' content='ocr_page ocr_carea ocr_par ocr_line ocrx_word'/>
</head>
<body>
  <div class='ocr_page' id='page_1' title='image "./corpusscriptoru62theogoog/corpusscriptoru62theogoog_0555.png"; bbox 0 0 3050 4900; ppageno 0'>
   <div class='ocr_carea' id='block_1_1' title="bbox 509 303 1230 390">
    <p class='ocr_par' dir='ltr' id='par_1_1' title="bbox 509 303 1230 390">
     <span class='ocr_line' id='line_1_1' title="bbox 509 303 1230 390; baseline 0.012 -10"><span class='ocrx_word' id='word_1_1' title='bbox 509 303 724 380; x_wconf 72' lang='lat' dir='ltr'><strong>annuntius</strong></span> <span class='ocrx_word' id='word_1_2' title='bbox 747 311 798 380; x_wconf 79' lang='lat' dir='ltr'><strong><em>Vi</em></strong></span> <span class='ocrx_word' id='word_1_3' title='bbox 822 315 853 380; x_wconf 81' lang='grc'><strong><em>3.</em></strong></span> <span class='ocrx_word' id='word_1_4' title='bbox 1151 316 1230 390; x_wconf 74' lang='grc'><strong><em>475</em></strong></span> 
     </span>
    </p>
   </div>
   <div class='ocr_carea' id='block_1_2' title="bbox 129 498 1270 698">
    <p class='ocr_par' dir='ltr' id='par_1_2' title="bbox 129 498 1270 698">
     <span class='ocr_line' id='line_1_2' title="bbox 130 498 1231 591; baseline 0.006 -27"><span class='ocrx_word' id='word_1_5' title='bbox 130 507 191 577; x_wconf 85' lang='grc' dir='ltr'><strong><em>λώς</em></strong></span> <span class='ocrx_word' id='word_1_6' title='bbox 208 500 397 578; x_wconf 74' lang='grc' dir='ltr'><strong><em>διαιτῶνται,</em></strong></span> <span class='ocrx_word' id='word_1_7' title='bbox 420 498 490 565; x_wconf 74' lang='grc' dir='ltr'><strong><em>οὐδ’</em></strong></span> <span class='ocrx_word' id='word_1_8' title='bbox 509 500 706 568; x_wconf 83' lang='grc' dir='ltr'><strong><em>έπικλένονται</em></strong></span> <span class='ocrx_word' id='word_1_9' title='bbox 722 500 800 589; x_wconf 75' lang='grc' dir='ltr'><strong><em>πρὸς</em></strong></span> <span class='ocrx_word' id='word_1_10' title='bbox 814 502 850 568; x_wconf 89' lang='grc' dir='ltr'><strong><em>τδ</em></strong></span> <span class='ocrx_word' id='word_1_11' title='bbox 866 498 1083 590; x_wconf 83' lang='grc' dir='ltr'><strong><em>μαλακώτερον</em></strong></span> <span class='ocrx_word' id='word_1_12' title='bbox 1087 551 1098 584; x_wconf 94' lang='grc'><strong><em>,</em></strong></span> <span class='ocrx_word' id='word_1_13' title='bbox 1115 507 1231 591; x_wconf 77' lang='grc' dir='ltr'><strong><em>περίτι</em></strong></span> 
     </span>
     <span class='ocr_line' id='line_1_3' title="bbox 129 601 1270 698; baseline 0.007 -30"><span class='ocrx_word' id='word_1_14' title='bbox 129 609 191 668; x_wconf 86' lang='grc' dir='ltr'><strong><em>τών</em></strong></span> <span class='ocrx_word' id='word_1_15' title='bbox 206 603 343 684; x_wconf 79' lang='grc' dir='ltr'><strong><em>νομίμων</em></strong></span> <span class='ocrx_word' id='word_1_16' title='bbox 360 601 498 692; x_wconf 74' lang='grc' dir='ltr'><strong><em>φυλακήν</em></strong></span> <span class='ocrx_word' id='word_1_17' title='bbox 515 606 590 670; x_wconf 73' lang='grc' dir='ltr'><strong><em>εἶσιν</em></strong></span> <span class='ocrx_word' id='word_1_18' title='bbox 605 605 757 691; x_wconf 84' lang='grc' dir='ltr'><strong><em>ἀκριβεῖς,</em></strong></span> <span class='ocrx_word' id='word_1_19' title='bbox 792 609 844 671; x_wconf 83' lang='grc' dir='ltr'><strong><em>καλ</em></strong></span> <span class='ocrx_word' id='word_1_20' title='bbox 860 617 923 684; x_wconf 87' lang='grc' dir='ltr'><strong><em>τοῖς</em></strong></span> <span class='ocrx_word' id='word_1_21' title='bbox 939 609 971 672; x_wconf 82' lang='grc' dir='ltr'><strong><em>έν</em></strong></span> <span class='ocrx_word' id='word_1_22' title='bbox 986 605 1067 698; x_wconf 73' lang='grc' dir='ltr'><strong><em>γήρᾳ</em></strong></span> <span class='ocrx_word' id='word_1_23' title='bbox 1081 633 1228 696; x_wconf 82' lang='grc' dir='ltr'><strong><em>παραχω-</em></strong></span> <span class='ocrx_word' id='word_1_24' title='bbox 1247 623 1270 676; x_wconf 83' lang='lat' dir='ltr'>C</span> 
     </span>
    </p>
   </div>
   <div class='ocr_carea' id='block_1_3' title="bbox 61 707 1347 2653">
    <p class='ocr_par' dir='ltr' id='par_1_3' title="bbox 61 707 1347 2653">
     <span class='ocr_line' id='line_1_4' title="bbox 132 707 1233 798; baseline 0.008 -30"><span class='ocrx_word' id='word_1_25' title='bbox 132 711 220 792; x_wconf 84' lang='grc' dir='ltr'><strong><em>ροῦσι</em></strong></span> <span class='ocrx_word' id='word_1_26' title='bbox 245 713 351 790; x_wconf 81' lang='grc' dir='ltr'><strong><em>τιμῆς,</em></strong></span> <span class='ocrx_word' id='word_1_27' title='bbox 384 707 453 771; x_wconf 80' lang='grc' dir='ltr'><strong><em>οὐδ’</em></strong></span> <span class='ocrx_word' id='word_1_28' title='bbox 479 707 664 791; x_wconf 65' lang='grc' dir='ltr'><strong><em>ἀντιλέγουσι</em></strong></span> <span class='ocrx_word' id='word_1_29' title='bbox 680 710 823 795; x_wconf 88' lang='grc' dir='ltr'><strong><em>θρασέως</em></strong></span> <span class='ocrx_word' id='word_1_30' title='bbox 838 720 902 788; x_wconf 88' lang='grc' dir='ltr'><strong><em>τοῖς</em></strong></span> <span class='ocrx_word' id='word_1_31' title='bbox 918 711 994 798; x_wconf 77' lang='grc' dir='ltr'><strong><em>παρ’</em></strong></span> <span class='ocrx_word' id='word_1_32' title='bbox 1014 712 1133 776; x_wconf 74' lang='grc' dir='ltr'><strong><em>ἐκείνων</em></strong></span> <span class='ocrx_word' id='word_1_33' title='bbox 1150 713 1233 795; x_wconf 80' lang='grc' dir='ltr'><strong><em>εἷση-</em></strong></span> 
     </span>
     <span class='ocr_line' id='line_1_5' title="bbox 131 807 1327 907; baseline 0.006 -35"><span class='ocrx_word' id='word_1_34' title='bbox 131 807 296 890; x_wconf 86' lang='grc' dir='ltr'><strong><em>γουμένοις.</em></strong></span> <span class='ocrx_word' id='word_1_35' title='bbox 346 809 528 896; x_wconf 75' lang='grc' dir='ltr'><strong><em>εἱμαρμένην</em></strong></span> <span class='ocrx_word' id='word_1_36' title='bbox 552 837 585 876; x_wconf 89' lang='grc' dir='ltr'><strong><em>τε</em></strong></span> <span class='ocrx_word' id='word_1_37' title='bbox 612 814 856 896; x_wconf 85' lang='grc' dir='ltr'><strong><em>δογματέζοντες,</em></strong></span> <span class='ocrx_word' id='word_1_38' title='bbox 889 817 940 880; x_wconf 75' lang='grc' dir='ltr'><strong><em>καὶ</em></strong></span> <span class='ocrx_word' id='word_1_39' title='bbox 966 823 1030 891; x_wconf 87' lang='grc' dir='ltr'><strong><em>τοῖς</em></strong></span> <span class='ocrx_word' id='word_1_40' title='bbox 1056 811 1233 900; x_wconf 85' lang='grc' dir='ltr'><strong><em>ἀνθρώποις</em></strong></span> <span class='ocrx_word' id='word_1_41' title='bbox 1307 854 1327 907; x_wconf 53' lang='lat'>4</span> 
     </span>
     <span class='ocr_line' id='line_1_6' title="bbox 107 909 1234 1004; baseline 0.007 -28"><span class='ocrx_word' id='word_1_42' title='bbox 107 909 253 982; x_wconf 65' lang='grc' dir='ltr'><strong><em>δ’διδόασι</em></strong></span> <span class='ocrx_word' id='word_1_43' title='bbox 275 912 319 995; x_wconf 80' lang='grc' dir='ltr'><strong><em>μὴ</em></strong></span> <span class='ocrx_word' id='word_1_44' title='bbox 343 912 431 978; x_wconf 76' lang='grc' dir='ltr'><strong><em>εἴκειν</em></strong></span> <span class='ocrx_word' id='word_1_45' title='bbox 453 924 520 991; x_wconf 87' lang='grc' dir='ltr'><strong><em>ταῖς</em></strong></span> <span class='ocrx_word' id='word_1_46' title='bbox 541 912 654 997; x_wconf 87' lang='grc' dir='ltr'><strong><em>ταάτης</em></strong></span> <span class='ocrx_word' id='word_1_47' title='bbox 676 912 787 1002; x_wconf 76' lang='grc' dir='ltr'><strong><em>ὁρμαῖς</em></strong></span> <span class='ocrx_word' id='word_1_48' title='bbox 808 917 887 999; x_wconf 76' lang='grc' dir='ltr'><strong><em>μετὰ</em></strong></span> <span class='ocrx_word' id='word_1_49' title='bbox 910 921 1046 1001; x_wconf 86' lang='grc' dir='ltr'><strong><em>σπουδῆς</em></strong></span> <span class='ocrx_word' id='word_1_50' title='bbox 1069 916 1234 1004; x_wconf 89' lang='grc' dir='ltr'><strong><em>ἀντιπράτ-</em></strong></span> 
     </span>
     <span class='ocr_line' id='line_1_7' title="bbox 131 1016 1235 1104; baseline 0.005 -25"><span class='ocrx_word' id='word_1_51' title='bbox 131 1039 245 1079; x_wconf 86' lang='grc' dir='ltr'><strong><em>τουσιν.</em></strong></span> <span class='ocrx_word' id='word_1_52' title='bbox 297 1016 471 1082; x_wconf 75' lang='grc' dir='ltr'><strong><em>ἀθανασίαν</em></strong></span> <span class='ocrx_word' id='word_1_53' title='bbox 492 1044 525 1083; x_wconf 87' lang='grc' dir='ltr'><strong><em>τε</em></strong></span> <span class='ocrx_word' id='word_1_54' title='bbox 547 1029 614 1096; x_wconf 87' lang='grc' dir='ltr'><strong><em>ταῖς</em></strong></span> <span class='ocrx_word' id='word_1_55' title='bbox 628 1030 745 1103; x_wconf 79' lang='grc' dir='ltr'><strong><em>ψυχαῖς</em></strong></span> <span class='ocrx_word' id='word_1_56' title='bbox 762 1020 961 1104; x_wconf 74' lang='grc' dir='ltr'><strong><em>ἀπονέμουσι,</em></strong></span> <span class='ocrx_word' id='word_1_57' title='bbox 995 1021 1046 1087; x_wconf 73' lang='grc' dir='ltr'><strong><em>καὶ</em></strong></span> <span class='ocrx_word' id='word_1_58' title='bbox 1064 1019 1235 1098; x_wconf 75' lang='grc' dir='ltr'><strong><em>δικαιώσεις</em></strong></span> 
     </span>
     <span class='ocr_line' id='line_1_8' title="bbox 131 1113 1347 1208; baseline 0.007 -26"><span class='ocrx_word' id='word_1_59' title='bbox 131 1113 336 1200; x_wconf 82' lang='grc' dir='ltr'><strong><em>δποχθονέους</em></strong></span> <span class='ocrx_word' id='word_1_60' title='bbox 358 1126 420 1186; x_wconf 87' lang='grc' dir='ltr'><strong><em>τών</em></strong></span> <span class='ocrx_word' id='word_1_61' title='bbox 443 1124 636 1204; x_wconf 73' lang='grc' dir='ltr'><strong><em>βεβιωμένων</em></strong></span> <span class='ocrx_word' id='word_1_62' title='bbox 659 1122 830 1204; x_wconf 79' lang='grc' dir='ltr'><strong><em>δοξάζουσι.</em></strong></span> <span class='ocrx_word' id='word_1_63' title='bbox 882 1126 925 1190; x_wconf 79' lang='grc' dir='ltr'><strong><em>δι’</em></strong></span> <span class='ocrx_word' id='word_1_64' title='bbox 953 1123 1060 1202; x_wconf 82' lang='grc' dir='ltr'><strong><em>ἀτοῖς</em></strong></span> <span class='ocrx_word' id='word_1_65' title='bbox 1075 1151 1107 1191; x_wconf 86' lang='grc' dir='ltr'><strong><em>τε</em></strong></span> <span class='ocrx_word' id='word_1_66' title='bbox 1125 1122 1234 1208; x_wconf 77' lang='grc' dir='ltr'><strong><em>δήμοις</em></strong></span> <span class='ocrx_word' id='word_1_67' title='bbox 1339 1139 1347 1156; x_wconf 85' lang='grc'><em>’</em></span> 
     </span>
     <span class='ocr_line' id='line_1_9' title="bbox 132 1221 1236 1316; baseline 0.007 -32"><span class='ocrx_word' id='word_1_68' title='bbox 132 1222 190 1286; x_wconf 72' lang='grc' dir='ltr'><strong><em>εἰσὶ</em></strong></span> <span class='ocrx_word' id='word_1_69' title='bbox 218 1221 447 1303; x_wconf 73' lang='grc' dir='ltr'><strong><em>πιθανώτατοι,</em></strong></span> <span class='ocrx_word' id='word_1_70' title='bbox 481 1228 534 1291; x_wconf 73' lang='grc' dir='ltr'><strong><em>καὶ</em></strong></span> <span class='ocrx_word' id='word_1_71' title='bbox 559 1227 591 1291; x_wconf 79' lang='grc' dir='ltr'><strong><em>έν</em></strong></span> <span class='ocrx_word' id='word_1_72' title='bbox 617 1225 720 1308; x_wconf 82' lang='grc' dir='ltr'><strong><em>εάχαῖς</em></strong></span> <span class='ocrx_word' id='word_1_73' title='bbox 743 1229 795 1293; x_wconf 78' lang='grc' dir='ltr'><strong><em>καὶ</em></strong></span> <span class='ocrx_word' id='word_1_74' title='bbox 820 1225 975 1313; x_wconf 83' lang='grc' dir='ltr'><strong><em>ποιήσεσιν</em></strong></span> <span class='ocrx_word' id='word_1_75' title='bbox 1000 1228 1088 1316; x_wconf 82' lang='grc' dir='ltr'><strong><em>ῖερών</em></strong></span> <span class='ocrx_word' id='word_1_76' title='bbox 1113 1229 1236 1305; x_wconf 82' lang='grc' dir='ltr'><strong><em>έκεένοις</em></strong></span> 
     </span>
     <span class='ocr_line' id='line_1_10' title="bbox 61 1326 451 1411; baseline 0.005 -21"><span class='ocrx_word' id='word_1_77' title='bbox 61 1375 77 1390; x_wconf 67' lang='grc'><strong><em>,</em></strong></span> <span class='ocrx_word' id='word_1_78' title='bbox 130 1329 264 1411; x_wconf 84' lang='grc' dir='ltr'><strong><em>χρῶνται</em></strong></span> <span class='ocrx_word' id='word_1_79' title='bbox 285 1326 451 1410; x_wconf 72' lang='grc' dir='ltr'><strong><em>ἐξηγηταῖς.</em></strong></span> 
     </span>
     <span class='ocr_line' id='line_1_11' title="bbox 89 1427 1236 1516; baseline 0.005 -26"><span class='ocrx_word' id='word_1_80' title='bbox 89 1436 126 1490; x_wconf 85' lang='grc'><strong><em>10</em></strong></span> <span class='ocrx_word' id='word_1_81' title='bbox 234 1430 440 1494; x_wconf 76' lang='grc' dir='ltr'><strong><em>Σαδδουκαῖοι</em></strong></span> <span class='ocrx_word' id='word_1_82' title='bbox 463 1429 496 1495; x_wconf 71' lang='grc' dir='ltr'><strong><em>δι’</em></strong></span> <span class='ocrx_word' id='word_1_83' title='bbox 517 1429 636 1513; x_wconf 86' lang='grc' dir='ltr'><strong><em>θνητάς</em></strong></span> <span class='ocrx_word' id='word_1_84' title='bbox 653 1427 813 1512; x_wconf 81' lang='grc' dir='ltr'><strong><em>δοξάζουσι</em></strong></span> <span class='ocrx_word' id='word_1_85' title='bbox 828 1431 885 1510; x_wconf 78' lang='grc' dir='ltr'><strong><em>τὰς</em></strong></span> <span class='ocrx_word' id='word_1_86' title='bbox 899 1429 1023 1516; x_wconf 82' lang='grc' dir='ltr'><strong><em>ψυχάς,</em></strong></span> <span class='ocrx_word' id='word_1_87' title='bbox 1056 1434 1106 1498; x_wconf 78' lang='grc' dir='ltr'><strong><em>καὶ</em></strong></span> <span class='ocrx_word' id='word_1_88' title='bbox 1121 1429 1236 1508; x_wconf 85' lang='grc' dir='ltr'><strong><em>ταάτας</em></strong></span> 
     </span>
     <span class='ocr_line' id='line_1_12' title="bbox 131 1527 1237 1620; baseline 0.005 -26"><span class='ocrx_word' id='word_1_89' title='bbox 131 1538 196 1607; x_wconf 87' lang='grc' dir='ltr'><strong><em>τοῖς</em></strong></span> <span class='ocrx_word' id='word_1_90' title='bbox 212 1527 334 1613; x_wconf 92' lang='grc' dir='ltr'><strong><em>σώμασι</em></strong></span> <span class='ocrx_word' id='word_1_91' title='bbox 351 1535 647 1620; x_wconf 79' lang='grc' dir='ltr'><strong><em>συνδιαφθεέρεσθαι</em></strong></span> <span class='ocrx_word' id='word_1_92' title='bbox 663 1536 794 1620; x_wconf 89' lang='grc' dir='ltr'><strong><em>λέγουσι.</em></strong></span> <span class='ocrx_word' id='word_1_93' title='bbox 833 1538 885 1602; x_wconf 79' lang='grc' dir='ltr'><strong><em>καὶ</em></strong></span> <span class='ocrx_word' id='word_1_94' title='bbox 901 1533 923 1619; x_wconf 76' lang='grc' dir='ltr'><em>ἢ</em></span> <span class='ocrx_word' id='word_1_95' title='bbox 939 1541 1000 1601; x_wconf 85' lang='grc' dir='ltr'><strong><em>τών</em></strong></span> <span class='ocrx_word' id='word_1_96' title='bbox 1016 1532 1117 1620; x_wconf 82' lang='grc' dir='ltr'><strong><em>νόμων</em></strong></span> <span class='ocrx_word' id='word_1_97' title='bbox 1134 1535 1237 1612; x_wconf 79' lang='grc' dir='ltr'><strong><em>αὐτοῖς</em></strong></span> 
     </span>
     <span class='ocr_line' id='line_1_13' title="bbox 133 1632 1274 1728; baseline 0.004 -31"><span class='ocrx_word' id='word_1_98' title='bbox 133 1632 170 1697; x_wconf 85' lang='grc' dir='ltr'><strong><em>οά</em></strong></span> <span class='ocrx_word' id='word_1_99' title='bbox 195 1644 413 1721; x_wconf 85' lang='grc' dir='ltr'><strong><em>παρατηρεῖται</em></strong></span> <span class='ocrx_word' id='word_1_100' title='bbox 436 1633 629 1720; x_wconf 80' lang='grc' dir='ltr'><strong><em>παράβασις,</em></strong></span> <span class='ocrx_word' id='word_1_101' title='bbox 663 1641 713 1704; x_wconf 75' lang='grc' dir='ltr'><strong><em>καὶ</em></strong></span> <span class='ocrx_word' id='word_1_102' title='bbox 737 1640 772 1705; x_wconf 87' lang='grc' dir='ltr'><strong><em>τὸ</em></strong></span> <span class='ocrx_word' id='word_1_103' title='bbox 795 1639 872 1726; x_wconf 82' lang='grc' dir='ltr'><strong><em>πρὸς</em></strong></span> <span class='ocrx_word' id='word_1_104' title='bbox 886 1638 959 1717; x_wconf 71' lang='lat' dir='ltr'><strong>roric</strong></span> <span class='ocrx_word' id='word_1_105' title='bbox 975 1639 1167 1728; x_wconf 67' lang='grc' dir='ltr'><strong><em>γεραιτέρους</em></strong></span> <span class='ocrx_word' id='word_1_106' title='bbox 1183 1641 1274 1704; x_wconf 77' lang='lat' dir='ltr'><strong>euin</strong></span> 
     </span>
     <span class='ocr_line' id='line_1_14' title="bbox 132 1736 1239 1829; baseline 0.005 -28"><span class='ocrx_word' id='word_1_107' title='bbox 132 1736 205 1812; x_wconf 81' lang='grc' dir='ltr'><strong><em>τοὺς</em></strong></span> <span class='ocrx_word' id='word_1_108' title='bbox 229 1738 432 1816; x_wconf 81' lang='grc' dir='ltr'><strong><em>διδασκάλους</em></strong></span> <span class='ocrx_word' id='word_1_109' title='bbox 455 1739 566 1817; x_wconf 80' lang='grc' dir='ltr'><strong><em>αάτοδς</em></strong></span> <span class='ocrx_word' id='word_1_110' title='bbox 588 1741 747 1827; x_wconf 80' lang='grc' dir='ltr'><strong><em>ἀντιλέγειν</em></strong></span> <span class='ocrx_word' id='word_1_111' title='bbox 764 1743 874 1829; x_wconf 79' lang='grc' dir='ltr'><strong><em>ἀρετὴν</em></strong></span> <span class='ocrx_word' id='word_1_112' title='bbox 890 1743 1017 1810; x_wconf 85' lang='grc' dir='ltr'><strong><em>οῖονται.</em></strong></span> <span class='ocrx_word' id='word_1_113' title='bbox 1068 1745 1094 1808; x_wconf 81' lang='grc' dir='ltr'><strong><em>εὶ</em></strong></span> <span class='ocrx_word' id='word_1_114' title='bbox 1110 1744 1147 1808; x_wconf 90' lang='grc' dir='ltr'><strong><em>δέ</em></strong></span> <span class='ocrx_word' id='word_1_115' title='bbox 1160 1767 1239 1818; x_wconf 84' lang='grc' dir='ltr'><strong><em>τινες</em></strong></span> 
     </span>
     <span class='ocr_line' id='line_1_15' title="bbox 134 1839 1238 1933; baseline 0.005 -31"><span class='ocrx_word' id='word_1_116' title='bbox 134 1839 235 1904; x_wconf 78' lang='grc' dir='ltr'><strong><em>αὐτῶν</em></strong></span> <span class='ocrx_word' id='word_1_117' title='bbox 267 1845 310 1918; x_wconf 76' lang='grc' dir='ltr'><strong><em>εἰς</em></strong></span> <span class='ocrx_word' id='word_1_118' title='bbox 343 1842 442 1928; x_wconf 82' lang='grc' dir='ltr'><strong><em>ἀρχὰς</em></strong></span> <span class='ocrx_word' id='word_1_119' title='bbox 474 1841 609 1924; x_wconf 79' lang='grc' dir='ltr'><strong><em>έλθοιεν,</em></strong></span> <span class='ocrx_word' id='word_1_120' title='bbox 642 1853 858 1933; x_wconf 80' lang='grc' dir='ltr'><strong><em>προσχωροῦσι</em></strong></span> <span class='ocrx_word' id='word_1_121' title='bbox 883 1857 947 1924; x_wconf 87' lang='grc' dir='ltr'><strong><em>τοῖς</em></strong></span> <span class='ocrx_word' id='word_1_122' title='bbox 971 1855 1032 1912; x_wconf 82' lang='grc' dir='ltr'><strong><em>τῶν</em></strong></span> <span class='ocrx_word' id='word_1_123' title='bbox 1059 1847 1238 1930; x_wconf 79' lang='grc' dir='ltr'><strong><em>Φαρισαίων</em></strong></span> 
     </span>
     <span class='ocr_line' id='line_1_16' title="bbox 88 1940 1240 2036; baseline 0.004 -30"><span class='ocrx_word' id='word_1_124' title='bbox 88 1952 126 2006; x_wconf 81' lang='grc'><strong><em>15</em></strong></span> <span class='ocrx_word' id='word_1_125' title='bbox 135 1940 234 2026; x_wconf 87' lang='grc' dir='ltr'><strong><em>λόγοις</em></strong></span> <span class='ocrx_word' id='word_1_126' title='bbox 258 1946 310 2008; x_wconf 80' lang='grc' dir='ltr'><strong><em>καὶ</em></strong></span> <span class='ocrx_word' id='word_1_127' title='bbox 336 1944 475 2025; x_wconf 84' lang='grc' dir='ltr'><strong><em>ἀκοντες·</em></strong></span> <span class='ocrx_word' id='word_1_128' title='bbox 510 1947 547 2014; x_wconf 85' lang='grc' dir='ltr'><strong><em>οά</em></strong></span> <span class='ocrx_word' id='word_1_129' title='bbox 569 1949 630 2036; x_wconf 83' lang='grc' dir='ltr'><strong><em>γὰρ</em></strong></span> <span class='ocrx_word' id='word_1_130' title='bbox 655 1949 756 2028; x_wconf 86' lang='grc' dir='ltr'><strong><em>άλλως</em></strong></span> <span class='ocrx_word' id='word_1_131' title='bbox 779 1951 896 2016; x_wconf 69' lang='grc' dir='ltr'><strong><em>ἀνεκτοὶ</em></strong></span> <span class='ocrx_word' id='word_1_132' title='bbox 924 1952 1048 2014; x_wconf 79' lang='grc' dir='ltr'><strong><em>δοκοῦσι</em></strong></span> <span class='ocrx_word' id='word_1_133' title='bbox 1072 1957 1138 2023; x_wconf 85' lang='grc' dir='ltr'><strong><em>τοῖς</em></strong></span> <span class='ocrx_word' id='word_1_134' title='bbox 1160 1943 1240 2028; x_wconf 67' lang='lat' dir='ltr'><strong>uir}-</strong></span> 
     </span>
     <span class='ocr_line' id='line_1_17' title="bbox 132 2049 232 2110; baseline -0.02 0"><span class='ocrx_word' id='word_1_135' title='bbox 132 2049 232 2110; x_wconf 82' lang='grc' dir='ltr'><strong><em>θεσιν.</em></strong></span> 
     </span>
     <span class='ocr_line' id='line_1_18' title="bbox 234 2145 1240 2241; baseline 0.002 -29"><span class='ocrx_word' id='word_1_136' title='bbox 234 2146 374 2232; x_wconf 76' lang='grc' dir='ltr'><strong><em>Ἐσσηνοὶ</em></strong></span> <span class='ocrx_word' id='word_1_137' title='bbox 403 2150 438 2214; x_wconf 83' lang='grc' dir='ltr'><strong><em>δέ</em></strong></span> <span class='ocrx_word' id='word_1_138' title='bbox 467 2153 516 2215; x_wconf 75' lang='grc' dir='ltr'><strong><em>ἐπὶ</em></strong></span> <span class='ocrx_word' id='word_1_139' title='bbox 544 2157 612 2241; x_wconf 77' lang='grc' dir='ltr'><strong><em>θεῷ</em></strong></span> <span class='ocrx_word' id='word_1_140' title='bbox 639 2153 679 2219; x_wconf 82' lang='grc' dir='ltr'><strong><em>τὰ</em></strong></span> <span class='ocrx_word' id='word_1_141' title='bbox 706 2150 807 2218; x_wconf 87' lang='grc' dir='ltr'><strong><em>πάντα</em></strong></span> <span class='ocrx_word' id='word_1_142' title='bbox 834 2154 1027 2236; x_wconf 75' lang='grc' dir='ltr'><strong><em>πεποίηνται·</em></strong></span> <span class='ocrx_word' id='word_1_143' title='bbox 1061 2145 1240 2226; x_wconf 84' lang='grc' dir='ltr'><strong><em>ἀθανάτους</em></strong></span> 
     </span>
     <span class='ocr_line' id='line_1_19' title="bbox 132 2246 1240 2340; baseline 0.003 -25"><span class='ocrx_word' id='word_1_144' title='bbox 132 2246 260 2332; x_wconf 73' lang='grc' dir='ltr'><strong><em>ἥγηνται</em></strong></span> <span class='ocrx_word' id='word_1_145' title='bbox 284 2251 340 2327; x_wconf 82' lang='grc' dir='ltr'><strong><em>τὰς</em></strong></span> <span class='ocrx_word' id='word_1_146' title='bbox 361 2251 482 2335; x_wconf 78' lang='grc' dir='ltr'><strong><em>ψυχάς·</em></strong></span> <span class='ocrx_word' id='word_1_147' title='bbox 516 2261 571 2318; x_wconf 82' lang='grc' dir='ltr'><strong><em>τοῦ</em></strong></span> <span class='ocrx_word' id='word_1_148' title='bbox 596 2257 714 2319; x_wconf 87' lang='grc' dir='ltr'><strong><em>δικαέου</em></strong></span> <span class='ocrx_word' id='word_1_149' title='bbox 738 2257 922 2340; x_wconf 77' lang='grc' dir='ltr'><strong><em>ἀντέχονται.</em></strong></span> <span class='ocrx_word' id='word_1_150' title='bbox 972 2252 1161 2338; x_wconf 79' lang='grc' dir='ltr'><strong><em>ἀναθήματα</em></strong></span> <span class='ocrx_word' id='word_1_151' title='bbox 1183 2255 1240 2334; x_wconf 74' lang='grc' dir='ltr'><strong><em>μὲν</em></strong></span> 
     </span>
     <span class='ocr_line' id='line_1_20' title="bbox 136 2353 1267 2447; baseline 0.002 -29"><span class='ocrx_word' id='word_1_152' title='bbox 136 2357 179 2428; x_wconf 76' lang='grc' dir='ltr'><strong><em>εἷς</em></strong></span> <span class='ocrx_word' id='word_1_153' title='bbox 195 2353 230 2418; x_wconf 85' lang='grc' dir='ltr'><strong><em>τὸ</em></strong></span> <span class='ocrx_word' id='word_1_154' title='bbox 248 2353 330 2441; x_wconf 76' lang='grc' dir='ltr'><strong><em>ἱερὸν</em></strong></span> <span class='ocrx_word' id='word_1_155' title='bbox 345 2356 536 2435; x_wconf 85' lang='grc' dir='ltr'><strong><em>στέλλουσιν,</em></strong></span> <span class='ocrx_word' id='word_1_156' title='bbox 554 2355 591 2419; x_wconf 79' lang='grc' dir='ltr'><strong><em>οὔ</em></strong></span> <span class='ocrx_word' id='word_1_157' title='bbox 607 2354 669 2440; x_wconf 84' lang='grc' dir='ltr'><strong><em>μήν</em></strong></span> <span class='ocrx_word' id='word_1_158' title='bbox 683 2383 717 2442; x_wconf 90' lang='grc' dir='ltr'><strong><em>γε</em></strong></span> <span class='ocrx_word' id='word_1_159' title='bbox 734 2362 785 2424; x_wconf 74' lang='grc' dir='ltr'><strong><em>καὶ</em></strong></span> <span class='ocrx_word' id='word_1_160' title='bbox 802 2357 930 2438; x_wconf 84' lang='grc' dir='ltr'><strong><em>θάουσι,</em></strong></span> <span class='ocrx_word' id='word_1_161' title='bbox 948 2355 1160 2447; x_wconf 86' lang='grc' dir='ltr'><strong><em>διαφερόμενοι</em></strong></span> <span class='ocrx_word' id='word_1_162' title='bbox 1176 2365 1241 2432; x_wconf 85' lang='grc' dir='ltr'><strong><em>τοῖς</em></strong></span> <span class='ocrx_word' id='word_1_163' title='bbox 1264 2405 1267 2410; x_wconf 89' lang='grc'>-</span> 
     </span>
     <span class='ocr_line' id='line_1_21' title="bbox 91 2455 1241 2548; baseline 0.001 -24"><span class='ocrx_word' id='word_1_164' title='bbox 91 2456 241 2534; x_wconf 66' lang='grc' dir='ltr'><strong><em>ἳθάλλοις</em></strong></span> <span class='ocrx_word' id='word_1_165' title='bbox 264 2461 334 2544; x_wconf 81' lang='grc' dir='ltr'><strong><em>περὶ</em></strong></span> <span class='ocrx_word' id='word_1_166' title='bbox 357 2455 528 2543; x_wconf 74' lang='grc' dir='ltr'><strong><em>ἁγνισμῶν·</em></strong></span> <span class='ocrx_word' id='word_1_167' title='bbox 555 2459 603 2525; x_wconf 86' lang='grc' dir='ltr'><strong><em>διδ</em></strong></span> <span class='ocrx_word' id='word_1_168' title='bbox 620 2465 671 2525; x_wconf 80' lang='grc' dir='ltr'><strong><em>καὶ</em></strong></span> <span class='ocrx_word' id='word_1_169' title='bbox 688 2461 855 2548; x_wconf 74' lang='grc' dir='ltr'><strong><em>εἰργόμενοι</em></strong></span> <span class='ocrx_word' id='word_1_170' title='bbox 871 2471 927 2529; x_wconf 72' lang='lat' dir='ltr'><strong>rori</strong></span> <span class='ocrx_word' id='word_1_171' title='bbox 941 2470 1044 2528; x_wconf 81' lang='grc' dir='ltr'><strong><em>κοινοῦ</em></strong></span> <span class='ocrx_word' id='word_1_172' title='bbox 1060 2462 1241 2545; x_wconf 78' lang='grc' dir='ltr'><strong><em>τεμενέσμα-</em></strong></span> 
     </span>
     <span class='ocr_line' id='line_1_22' title="bbox 134 2558 1240 2653; baseline 0.001 -28"><span class='ocrx_word' id='word_1_173' title='bbox 134 2586 205 2641; x_wconf 87' lang='grc' dir='ltr'><strong><em>τος,</em></strong></span> <span class='ocrx_word' id='word_1_174' title='bbox 232 2562 285 2649; x_wconf 71' lang='grc' dir='ltr'><strong><em>ἐφ’</em></strong></span> <span class='ocrx_word' id='word_1_175' title='bbox 303 2558 420 2628; x_wconf 62' lang='lat' dir='ltr'><strong>tamne</strong></span> <span class='ocrx_word' id='word_1_176' title='bbox 435 2560 559 2630; x_wconf 73' lang='grc' dir='ltr'><strong><em>θύουσι.</em></strong></span> <span class='ocrx_word' id='word_1_177' title='bbox 609 2567 661 2629; x_wconf 83' lang='grc' dir='ltr'><strong><em>καλ</em></strong></span> <span class='ocrx_word' id='word_1_178' title='bbox 678 2568 727 2630; x_wconf 67' lang='lat' dir='ltr'><strong><em>tut</em></strong></span> <span class='ocrx_word' id='word_1_179' title='bbox 743 2564 855 2643; x_wconf 83' lang='grc' dir='ltr'><strong><em>πόνους</em></strong></span> <span class='ocrx_word' id='word_1_180' title='bbox 870 2566 1053 2653; x_wconf 79' lang='grc' dir='ltr'><strong><em>γεωργικοὺς</em></strong></span> <span class='ocrx_word' id='word_1_181' title='bbox 1069 2566 1240 2652; x_wconf 88' lang='grc' dir='ltr'><strong><em>τρέπονται.</em></strong></span> 
     </span>
    </p>
   </div>
   <div class='ocr_carea' id='block_1_4' title="bbox 202 2717 1242 3204">
    <p class='ocr_par' dir='ltr' id='par_1_4' title="bbox 202 2717 1242 3204">
     <span class='ocr_line' id='line_1_23' title="bbox 204 2717 1241 2790; baseline -0.003 -14"><span class='ocrx_word' id='word_1_182' title='bbox 204 2722 223 2776; x_wconf 70' lang='grc' dir='ltr'><strong><em>λ</em></strong></span> <span class='ocrx_word' id='word_1_183' title='bbox 244 2720 317 2790; x_wconf 83' lang='grc' dir='ltr'><strong><em>τών]</em></strong></span> <span class='ocrx_word' id='word_1_184' title='bbox 340 2717 393 2790; x_wconf 77' lang='grc' dir='ltr'><strong><em>τὴν</em></strong></span> <span class='ocrx_word' id='word_1_185' title='bbox 408 2723 464 2776; x_wconf 81' lang='grc' dir='ltr'><strong><em>τών</em></strong></span> <span class='ocrx_word' id='word_1_186' title='bbox 480 2724 514 2779; x_wconf 82' lang='grc' dir='ltr'><strong><em>Α.</em></strong></span> <span class='ocrx_word' id='word_1_187' title='bbox 651 2724 670 2781; x_wconf 87' lang='grc'><strong>8</strong></span> <span class='ocrx_word' id='word_1_188' title='bbox 684 2724 880 2782; x_wconf 80' lang='grc' dir='ltr'><strong><em>πιθανώτατοι</em></strong></span> <span class='ocrx_word' id='word_1_189' title='bbox 897 2728 921 2779; x_wconf 87' lang='grc' dir='ltr'><strong>Α</strong></span> <span class='ocrx_word' id='word_1_190' title='bbox 938 2724 1020 2778; x_wconf 83' lang='lat' dir='ltr'>codex</span> <span class='ocrx_word' id='word_1_191' title='bbox 1039 2725 1194 2777; x_wconf 85' lang='lat' dir='ltr'><strong>Golberteus</strong></span> <span class='ocrx_word' id='word_1_192' title='bbox 1212 2724 1241 2773; x_wconf 89' lang='lat' dir='ltr'><strong><em>et</em></strong></span> 
     </span>
     <span class='ocr_line' id='line_1_24' title="bbox 202 2788 1242 2862; baseline -0.001 -18"><span class='ocrx_word' id='word_1_193' title='bbox 202 2791 345 2862; x_wconf 75' lang='lat' dir='ltr'><strong>Iosephus,</strong></span> <span class='ocrx_word' id='word_1_194' title='bbox 365 2788 553 2860; x_wconf 76' lang='grc' dir='ltr'><strong><em>πιθανώτεροι</em></strong></span> <span class='ocrx_word' id='word_1_195' title='bbox 568 2795 638 2849; x_wconf 84' lang='lat' dir='ltr'><strong><em>PW.</em></strong></span> <span class='ocrx_word' id='word_1_196' title='bbox 731 2853 735 2861; x_wconf 52' lang='grc'><strong>,</strong></span> <span class='ocrx_word' id='word_1_197' title='bbox 778 2798 810 2851; x_wconf 92' lang='grc'><strong><em>11</em></strong></span> <span class='ocrx_word' id='word_1_198' title='bbox 828 2792 878 2847; x_wconf 76' lang='grc' dir='ltr'><strong><em>καὶ</em></strong></span> <span class='ocrx_word' id='word_1_199' title='bbox 893 2791 912 2859; x_wconf 79' lang='grc' dir='ltr'><em>ἡ</em></span> <span class='ocrx_word' id='word_1_200' title='bbox 930 2796 986 2846; x_wconf 77' lang='grc' dir='ltr'><strong><em>τῶν</em></strong></span> <span class='ocrx_word' id='word_1_201' title='bbox 1003 2790 1114 2859; x_wconf 85' lang='grc' dir='ltr'><strong><em>νόμων]</em></strong></span> <span class='ocrx_word' id='word_1_202' title='bbox 1134 2792 1242 2859; x_wconf 81' lang='lat' dir='ltr'><strong>legebat</strong></span> 
     </span>
     <span class='ocr_line' id='line_1_25' title="bbox 203 2854 1242 2933; baseline -0.003 -20"><span class='ocrx_word' id='word_1_203' title='bbox 203 2861 322 2914; x_wconf 76' lang='lat' dir='ltr'><strong>Zonaras</strong></span> <span class='ocrx_word' id='word_1_204' title='bbox 346 2854 415 2933; x_wconf 75' lang='lat' dir='ltr'><strong>ap&#39;usi</strong></span> <span class='ocrx_word' id='word_1_205' title='bbox 435 2864 590 2933; x_wconf 87' lang='lat' dir='ltr'><strong>Iosephnm,</strong></span> <span class='ocrx_word' id='word_1_206' title='bbox 615 2864 685 2933; x_wconf 84' lang='lat' dir='ltr'><strong>quod</strong></span> <span class='ocrx_word' id='word_1_207' title='bbox 709 2866 800 2917; x_wconf 87' lang='lat' dir='ltr'><strong>nescio</strong></span> <span class='ocrx_word' id='word_1_208' title='bbox 826 2878 859 2914; x_wconf 88' lang='lat' dir='ltr'><strong><em>an</em></strong></span> <span class='ocrx_word' id='word_1_209' title='bbox 883 2862 921 2913; x_wconf 87' lang='lat' dir='ltr'><strong>ilii</strong></span> <span class='ocrx_word' id='word_1_210' title='bbox 945 2878 977 2912; x_wconf 82' lang='lat' dir='ltr'><strong>ex</strong></span> <span class='ocrx_word' id='word_1_211' title='bbox 999 2860 1075 2913; x_wconf 87' lang='lat' dir='ltr'><strong>libris</strong></span> <span class='ocrx_word' id='word_1_212' title='bbox 1092 2878 1144 2913; x_wconf 86' lang='lat' dir='ltr'><strong><em>mss</em></strong></span> <span class='ocrx_word' id='word_1_213' title='bbox 1162 2860 1242 2913; x_wconf 82' lang='lat' dir='ltr'><strong>resti·</strong></span> 
     </span>
     <span class='ocr_line' id='line_1_26' title="bbox 204 2922 1241 3000; baseline -0.001 -18"><span class='ocrx_word' id='word_1_214' title='bbox 204 2932 329 2984; x_wconf 85' lang='lat' dir='ltr'><strong>tuendum</strong></span> <span class='ocrx_word' id='word_1_215' title='bbox 363 2930 415 2995; x_wconf 88' lang='lat' dir='ltr'><strong>sit,</strong></span> <span class='ocrx_word' id='word_1_216' title='bbox 449 2933 562 3000; x_wconf 76' lang='grc' dir='ltr'><strong><em>φυλακῇ</em></strong></span> <span class='ocrx_word' id='word_1_217' title='bbox 590 2928 623 2983; x_wconf 68' lang='grc' dir='ltr'><strong><em>δὲ</em></strong></span> <span class='ocrx_word' id='word_1_218' title='bbox 650 2928 779 2999; x_wconf 82' lang='grc' dir='ltr'><strong><em>οάδαμώς</em></strong></span> <span class='ocrx_word' id='word_1_219' title='bbox 808 2928 986 2999; x_wconf 80' lang='grc' dir='ltr'><strong><em>μεταποίησις</em></strong></span> <span class='ocrx_word' id='word_1_220' title='bbox 1012 2923 1111 2990; x_wconf 71' lang='grc' dir='ltr'><strong><em>αὐτοῖς</em></strong></span> <span class='ocrx_word' id='word_1_221' title='bbox 1137 2922 1157 2995; x_wconf 78' lang='grc' dir='ltr'><em>ἡ</em></span> <span class='ocrx_word' id='word_1_222' title='bbox 1186 2928 1241 2981; x_wconf 71' lang='grc' dir='ltr'><strong><em>τοῖν</em></strong></span> 
     </span>
     <span class='ocr_line' id='line_1_27' title="bbox 203 2994 1241 3070; baseline -0.001 -19"><span class='ocrx_word' id='word_1_223' title='bbox 203 2994 314 3068; x_wconf 82' lang='grc' dir='ltr'><strong><em>νόμων,</em></strong></span> <span class='ocrx_word' id='word_1_224' title='bbox 339 3015 501 3067; x_wconf 86' lang='lat' dir='ltr'><strong>nequaquam</strong></span> <span class='ocrx_word' id='word_1_225' title='bbox 524 3008 618 3052; x_wconf 83' lang='lat' dir='ltr'><strong>curent</strong></span> <span class='ocrx_word' id='word_1_226' title='bbox 640 3016 675 3052; x_wconf 87' lang='lat' dir='ltr'><strong><em>ue</em></strong></span> <span class='ocrx_word' id='word_1_227' title='bbox 698 3002 763 3070; x_wconf 88' lang='lat' dir='ltr'><strong>qnid</strong></span> <span class='ocrx_word' id='word_1_228' title='bbox 778 3000 807 3052; x_wconf 89' lang='lat' dir='ltr'><strong>iu</strong></span> <span class='ocrx_word' id='word_1_229' title='bbox 824 2999 926 3067; x_wconf 82' lang='lat' dir='ltr'><strong>legibus</strong></span> <span class='ocrx_word' id='word_1_230' title='bbox 943 3006 1072 3067; x_wconf 79' lang='lat' dir='ltr'><strong>mutetur,</strong></span> <span class='ocrx_word' id='word_1_231' title='bbox 1095 2998 1241 3051; x_wconf 82' lang='lat' dir='ltr'><strong>reficietur.</strong></span> 
     </span>
     <span class='ocr_line' id='line_1_28' title="bbox 206 3064 1241 3137; baseline 0 -17"><span class='ocrx_word' id='word_1_232' title='bbox 206 3070 241 3121; x_wconf 75' lang='lat'><strong><em>12</em></strong></span> <span class='ocrx_word' id='word_1_233' title='bbox 257 3064 447 3137; x_wconf 77' lang='grc' dir='ltr'><strong><em>γεραιτέρους]</em></strong></span> <span class='ocrx_word' id='word_1_234' title='bbox 464 3066 666 3137; x_wconf 79' lang='grc' dir='ltr'><strong><em>πρεσβυτέρους</em></strong></span> <span class='ocrx_word' id='word_1_235' title='bbox 681 3071 764 3125; x_wconf 80' lang='lat' dir='ltr'>codex</span> <span class='ocrx_word' id='word_1_236' title='bbox 781 3070 949 3125; x_wconf 84' lang='lat' dir='ltr'><strong>Coiborteus.</strong></span> <span class='ocrx_word' id='word_1_237' title='bbox 1058 3069 1093 3123; x_wconf 78' lang='lat'><strong><em>14</em></strong></span> <span class='ocrx_word' id='word_1_238' title='bbox 1111 3064 1241 3135; x_wconf 72' lang='grc' dir='ltr'><strong><em>ἔλθοιεν]</em></strong></span> 
     </span>
     <span class='ocr_line' id='line_1_29' title="bbox 204 3138 929 3204; baseline 0.012 -15"><span class='ocrx_word' id='word_1_239' title='bbox 204 3138 379 3204; x_wconf 82' lang='grc' dir='ltr'><strong><em>περιπέσοιεν</em></strong></span> <span class='ocrx_word' id='word_1_240' title='bbox 395 3140 479 3191; x_wconf 80' lang='lat' dir='ltr'><strong>codex</strong></span> <span class='ocrx_word' id='word_1_241' title='bbox 494 3138 663 3194; x_wconf 80' lang='lat' dir='ltr'><strong>colberteus.</strong></span> <span class='ocrx_word' id='word_1_242' title='bbox 925 3152 929 3163; x_wconf 87' lang='grc'><em>’</em></span> 
     </span>
    </p>
   </div>
   <div class='ocr_carea' id='block_1_5' title="bbox 135 3272 1246 4386">
    <p class='ocr_par' dir='ltr' id='par_1_5' title="bbox 135 3272 1245 3762">
     <span class='ocr_line' id='line_1_30' title="bbox 135 3272 1243 3345; baseline -0.005 -16"><span class='ocrx_word' id='word_1_243' title='bbox 135 3274 269 3329; x_wconf 80' lang='lat' dir='ltr'><strong>ruebitieru</strong></span> <span class='ocrx_word' id='word_1_244' title='bbox 298 3291 328 3328; x_wconf 85' lang='lat' dir='ltr'><strong><em>se</em></strong></span> <span class='ocrx_word' id='word_1_245' title='bbox 355 3292 409 3328; x_wconf 86' lang='lat' dir='ltr'><strong><em>non</em></strong></span> <span class='ocrx_word' id='word_1_246' title='bbox 437 3275 597 3345; x_wconf 74' lang='lat' dir='ltr'><strong>deflectunt,</strong></span> <span class='ocrx_word' id='word_1_247' title='bbox 626 3280 812 3331; x_wconf 76' lang='lat' dir='ltr'><strong>observatores</strong></span> <span class='ocrx_word' id='word_1_248' title='bbox 833 3276 920 3345; x_wconf 81' lang='lat' dir='ltr'><strong>legun</strong></span> <span class='ocrx_word' id='word_1_249' title='bbox 944 3280 973 3328; x_wconf 85' lang='lat' dir='ltr'><strong><em>et</em></strong></span> <span class='ocrx_word' id='word_1_250' title='bbox 992 3276 1090 3329; x_wconf 84' lang='lat' dir='ltr'><strong>rituum</strong></span> <span class='ocrx_word' id='word_1_251' title='bbox 1112 3272 1243 3327; x_wconf 63' lang='lat' dir='ltr'><strong>monent</strong></span> 
     </span>
     <span class='ocr_line' id='line_1_31' title="bbox 138 3342 1244 3416; baseline -0.004 -19"><span class='ocrx_word' id='word_1_252' title='bbox 138 3345 244 3397; x_wconf 90' lang='lat' dir='ltr'><strong>senibus</strong></span> <span class='ocrx_word' id='word_1_253' title='bbox 261 3345 386 3396; x_wconf 73' lang='lat' dir='ltr'><strong>honore·</strong></span> <span class='ocrx_word' id='word_1_254' title='bbox 401 3345 544 3412; x_wconf 74' lang='lat' dir='ltr'>praebent,</span> <span class='ocrx_word' id='word_1_255' title='bbox 570 3363 659 3416; x_wconf 86' lang='lat' dir='ltr'><strong>nsque</strong></span> <span class='ocrx_word' id='word_1_256' title='bbox 676 3347 839 3400; x_wconf 83' lang='lat' dir='ltr'><strong>confidenter</strong></span> <span class='ocrx_word' id='word_1_257' title='bbox 855 3345 956 3398; x_wconf 82' lang='lat' dir='ltr'><strong>illorum</strong></span> <span class='ocrx_word' id='word_1_258' title='bbox 974 3344 1130 3399; x_wconf 68' lang='lat' dir='ltr'><strong>auctoritati</strong></span> <span class='ocrx_word' id='word_1_259' title='bbox 1148 3342 1244 3394; x_wconf 82' lang='lat' dir='ltr'><strong>adver·</strong></span> 
     </span>
     <span class='ocr_line' id='line_1_32' title="bbox 138 3410 1243 3480; baseline -0.005 -12"><span class='ocrx_word' id='word_1_260' title='bbox 138 3422 248 3469; x_wconf 71' lang='lat' dir='ltr'><strong>mutus:</strong></span> <span class='ocrx_word' id='word_1_261' title='bbox 274 3415 358 3466; x_wconf 83' lang='lat' dir='ltr'><strong>iatum</strong></span> <span class='ocrx_word' id='word_1_262' title='bbox 383 3428 443 3465; x_wconf 85' lang='lat' dir='ltr'><strong>esse</strong></span> <span class='ocrx_word' id='word_1_263' title='bbox 466 3414 578 3480; x_wconf 82' lang='lat' dir='ltr'><strong>docent,</strong></span> <span class='ocrx_word' id='word_1_264' title='bbox 604 3416 656 3468; x_wconf 83' lang='lat' dir='ltr'><strong><em>hoo</em></strong></span> <span class='ocrx_word' id='word_1_265' title='bbox 679 3424 766 3469; x_wconf 77' lang='lat' dir='ltr'><strong>tanen</strong></span> <span class='ocrx_word' id='word_1_266' title='bbox 790 3414 935 3467; x_wconf 79' lang='lat' dir='ltr'><strong>horninibus</strong></span> <span class='ocrx_word' id='word_1_267' title='bbox 959 3416 1107 3468; x_wconf 72' lang='lat' dir='ltr'><strong>tribuentes</strong></span> <span class='ocrx_word' id='word_1_268' title='bbox 1124 3418 1155 3464; x_wconf 88' lang='lat' dir='ltr'><strong><em>ut</em></strong></span> <span class='ocrx_word' id='word_1_269' title='bbox 1173 3410 1243 3463; x_wconf 84' lang='lat' dir='ltr'><strong>iliius</strong></span> 
     </span>
     <span class='ocr_line' id='line_1_33' title="bbox 138 3480 1242 3553; baseline -0.009 -14"><span class='ocrx_word' id='word_1_270' title='bbox 138 3484 265 3553; x_wconf 71' lang='lat' dir='ltr'><strong>inpubes</strong></span> <span class='ocrx_word' id='word_1_271' title='bbox 284 3484 390 3534; x_wconf 79' lang='lat' dir='ltr'><strong>sineere</strong></span> <span class='ocrx_word' id='word_1_272' title='bbox 406 3482 510 3551; x_wconf 87' lang='lat' dir='ltr'><strong>possint</strong></span> <span class='ocrx_word' id='word_1_273' title='bbox 525 3483 549 3535; x_wconf 88' lang='lat' dir='ltr'><strong><em>si</em></strong></span> <span class='ocrx_word' id='word_1_274' title='bbox 565 3485 637 3537; x_wconf 86' lang='lat' dir='ltr'><strong>serio</strong></span> <span class='ocrx_word' id='word_1_275' title='bbox 652 3486 815 3539; x_wconf 76' lang='lat' dir='ltr'><strong>reuiteutun</strong></span> <span class='ocrx_word' id='word_1_276' title='bbox 841 3484 940 3537; x_wconf 86' lang='lat' dir='ltr'><strong>animos</strong></span> <span class='ocrx_word' id='word_1_277' title='bbox 956 3482 1130 3547; x_wconf 82' lang='lat' dir='ltr'><strong>immortales,</strong></span> <span class='ocrx_word' id='word_1_278' title='bbox 1148 3490 1177 3533; x_wconf 89' lang='lat' dir='ltr'><strong><em>et</em></strong></span> <span class='ocrx_word' id='word_1_279' title='bbox 1193 3480 1242 3531; x_wconf 89' lang='lat' dir='ltr'><strong><em>sub</em></strong></span> 
     </span>
     <span class='ocr_line' id='line_1_34' title="bbox 138 3548 1244 3624; baseline -0.005 -18"><span class='ocrx_word' id='word_1_280' title='bbox 138 3560 213 3606; x_wconf 87' lang='lat' dir='ltr'><strong>terra</strong></span> <span class='ocrx_word' id='word_1_281' title='bbox 229 3553 301 3605; x_wconf 80' lang='lat' dir='ltr'><strong>vitae</strong></span> <span class='ocrx_word' id='word_1_282' title='bbox 318 3558 391 3603; x_wconf 83' lang='lat' dir='ltr'><strong>oeteo</strong></span> <span class='ocrx_word' id='word_1_283' title='bbox 408 3552 526 3604; x_wconf 87' lang='lat' dir='ltr'><strong>rationes</strong></span> <span class='ocrx_word' id='word_1_284' title='bbox 542 3553 689 3607; x_wconf 72' lang='lat' dir='ltr'><strong>reddendas</strong></span> <span class='ocrx_word' id='word_1_285' title='bbox 704 3570 763 3607; x_wconf 87' lang='lat' dir='ltr'><strong>esse</strong></span> <span class='ocrx_word' id='word_1_286' title='bbox 781 3560 899 3605; x_wconf 89' lang='lat' dir='ltr'><strong>censent.</strong></span> <span class='ocrx_word' id='word_1_287' title='bbox 932 3570 984 3624; x_wconf 88' lang='lat' dir='ltr'><strong>qua</strong></span> <span class='ocrx_word' id='word_1_288' title='bbox 998 3555 1030 3606; x_wconf 90' lang='lat' dir='ltr'><strong>de</strong></span> <span class='ocrx_word' id='word_1_289' title='bbox 1044 3566 1123 3604; x_wconf 84' lang='lat' dir='ltr'><strong>causa</strong></span> <span class='ocrx_word' id='word_1_290' title='bbox 1134 3556 1163 3601; x_wconf 86' lang='lat' dir='ltr'><strong><em>et</em></strong></span> <span class='ocrx_word' id='word_1_291' title='bbox 1175 3548 1244 3619; x_wconf 87' lang='lat' dir='ltr'><strong>apud</strong></span> 
     </span>
     <span class='ocr_line' id='line_1_35' title="bbox 137 3620 1245 3693; baseline -0.004 -19"><span class='ocrx_word' id='word_1_292' title='bbox 137 3622 263 3693; x_wconf 78' lang='lat' dir='ltr'><strong>populum</strong></span> <span class='ocrx_word' id='word_1_293' title='bbox 278 3621 337 3689; x_wconf 84' lang='lat' dir='ltr'><strong>plus</strong></span> <span class='ocrx_word' id='word_1_294' title='bbox 354 3620 513 3673; x_wconf 79' lang='lat' dir='ltr'><strong>auctoritate</strong></span> <span class='ocrx_word' id='word_1_295' title='bbox 527 3621 634 3690; x_wconf 80' lang='lat' dir='ltr'><strong>seiont,</strong></span> <span class='ocrx_word' id='word_1_296' title='bbox 659 3632 688 3676; x_wconf 89' lang='lat' dir='ltr'><strong><em>et</em></strong></span> <span class='ocrx_word' id='word_1_297' title='bbox 705 3623 740 3677; x_wconf 83' lang='lat' dir='ltr'><strong><em>ad</em></strong></span> <span class='ocrx_word' id='word_1_298' title='bbox 758 3629 842 3690; x_wconf 81' lang='lat' dir='ltr'><strong>vota,</strong></span> <span class='ocrx_word' id='word_1_299' title='bbox 868 3622 901 3676; x_wconf 86' lang='lat' dir='ltr'><strong>ed</strong></span> <span class='ocrx_word' id='word_1_300' title='bbox 922 3639 1000 3677; x_wconf 84' lang='lat' dir='ltr'><strong>saera</strong></span> <span class='ocrx_word' id='word_1_301' title='bbox 1015 3620 1168 3693; x_wconf 75' lang='lat' dir='ltr'><strong>peragenda</strong></span> <span class='ocrx_word' id='word_1_302' title='bbox 1183 3626 1245 3671; x_wconf 77' lang='lat' dir='ltr'><strong>tan·</strong></span> 
     </span>
     <span class='ocr_line' id='line_1_36' title="bbox 139 3690 581 3762; baseline -0.002 -18"><span class='ocrx_word' id='word_1_303' title='bbox 139 3708 218 3762; x_wconf 85' lang='lat' dir='ltr'><strong>quam</strong></span> <span class='ocrx_word' id='word_1_304' title='bbox 234 3690 397 3759; x_wconf 77' lang='lat' dir='ltr'><strong>interpretes</strong></span> <span class='ocrx_word' id='word_1_305' title='bbox 414 3690 581 3743; x_wconf 74' lang='lat' dir='ltr'><strong>adhibentur.</strong></span> 
     </span>
    </p>

    <p class='ocr_par' dir='ltr' id='par_1_6' title="bbox 140 3760 1246 4107">
     <span class='ocr_line' id='line_1_37' title="bbox 245 3760 1245 3828; baseline -0.003 -18"><span class='ocrx_word' id='word_1_306' title='bbox 245 3760 393 3812; x_wconf 78' lang='lat' dir='ltr'><strong>Sadducaei</strong></span> <span class='ocrx_word' id='word_1_307' title='bbox 417 3760 540 3813; x_wconf 83' lang='lat' dir='ltr'><strong>mortales</strong></span> <span class='ocrx_word' id='word_1_308' title='bbox 562 3776 622 3813; x_wconf 87' lang='lat' dir='ltr'><strong>essa</strong></span> <span class='ocrx_word' id='word_1_309' title='bbox 644 3760 742 3813; x_wconf 84' lang='lat' dir='ltr'><strong>animos</strong></span> <span class='ocrx_word' id='word_1_310' title='bbox 764 3760 929 3815; x_wconf 71' lang='lat' dir='ltr'><strong>arbitrantur</strong></span> <span class='ocrx_word' id='word_1_311' title='bbox 946 3768 1093 3828; x_wconf 73' lang='lat' dir='ltr'><strong>atquem</strong></span> <span class='ocrx_word' id='word_1_312' title='bbox 1111 3772 1169 3809; x_wconf 81' lang='lat' dir='ltr'><strong>oum</strong></span> <span class='ocrx_word' id='word_1_313' title='bbox 1186 3770 1245 3807; x_wconf 77' lang='grc' dir='ltr'><strong><em>σοι·</em></strong></span> 
     </span>
     <span class='ocr_line' id='line_1_38' title="bbox 140 3826 1245 3899; baseline -0.003 -20"><span class='ocrx_word' id='word_1_314' title='bbox 140 3829 249 3899; x_wconf 90' lang='lat' dir='ltr'><strong>poribus</strong></span> <span class='ocrx_word' id='word_1_315' title='bbox 266 3828 384 3881; x_wconf 89' lang='lat' dir='ltr'><strong>interire.</strong></span> <span class='ocrx_word' id='word_1_316' title='bbox 419 3830 493 3898; x_wconf 76' lang='lat' dir='ltr'><strong>leges</strong></span> <span class='ocrx_word' id='word_1_317' title='bbox 508 3835 539 3881; x_wconf 90' lang='lat' dir='ltr'><strong><em>ut</em></strong></span> <span class='ocrx_word' id='word_1_318' title='bbox 555 3836 745 3882; x_wconf 79' lang='lat' dir='ltr'><strong>conserventur</strong></span> <span class='ocrx_word' id='word_1_319' title='bbox 758 3846 811 3881; x_wconf 93' lang='lat' dir='ltr'><strong><em>non</em></strong></span> <span class='ocrx_word' id='word_1_320' title='bbox 829 3832 906 3884; x_wconf 82' lang='lat' dir='ltr'><strong>anxie</strong></span> <span class='ocrx_word' id='word_1_321' title='bbox 923 3838 1026 3883; x_wconf 81' lang='lat' dir='ltr'><strong>curent:</strong></span> <span class='ocrx_word' id='word_1_322' title='bbox 1048 3826 1197 3880; x_wconf 90' lang='lat' dir='ltr'><strong>senioribus</strong></span> <span class='ocrx_word' id='word_1_323' title='bbox 1213 3840 1245 3877; x_wconf 82' lang='lat' dir='ltr'><strong>ae</strong></span> 
     </span>
     <span class='ocr_line' id='line_1_39' title="bbox 141 3892 1246 3981; baseline -0.005 -31"><span class='ocrx_word' id='word_1_324' title='bbox 141 3898 276 3965; x_wconf 82' lang='lat' dir='ltr'><strong>magistris</strong></span> <span class='ocrx_word' id='word_1_325' title='bbox 299 3898 430 3965; x_wconf 77' lang='lat' dir='ltr'><strong>refragari</strong></span> <span class='ocrx_word' id='word_1_326' title='bbox 453 3900 480 3951; x_wconf 89' lang='lat' dir='ltr'><strong><em>in</em></strong></span> <span class='ocrx_word' id='word_1_327' title='bbox 503 3906 580 3970; x_wconf 91' lang='lat' dir='ltr'><strong>parte</strong></span> <span class='ocrx_word' id='word_1_328' title='bbox 603 3898 711 3952; x_wconf 85' lang='lat' dir='ltr'><strong>virtutis</strong></span> <span class='ocrx_word' id='word_1_329' title='bbox 732 3908 844 3969; x_wconf 89' lang='lat' dir='ltr'><strong>ponunt.</strong></span> <span class='ocrx_word' id='word_1_330' title='bbox 880 3900 903 3953; x_wconf 90' lang='lat' dir='ltr'><strong><em>si</em></strong></span> <span class='ocrx_word' id='word_1_331' title='bbox 930 3900 975 3981; x_wconf 78' lang='lat' dir='ltr'><strong>qui</strong></span> <span class='ocrx_word' id='word_1_332' title='bbox 999 3914 1063 3949; x_wconf 77' lang='lat' dir='ltr'><strong>vero</strong></span> <span class='ocrx_word' id='word_1_333' title='bbox 1086 3897 1185 3949; x_wconf 81' lang='lat' dir='ltr'><strong>illorum</strong></span> <span class='ocrx_word' id='word_1_334' title='bbox 1209 3892 1246 3975; x_wconf 62' lang='grc' dir='ltr'><strong><em>τὰ</em></strong></span> 
     </span>
     <span class='ocr_line' id='line_1_40' title="bbox 141 3964 1245 4034; baseline -0.005 -14"><span class='ocrx_word' id='word_1_335' title='bbox 141 3965 310 4033; x_wconf 82' lang='lat' dir='ltr'><strong>magistratus</strong></span> <span class='ocrx_word' id='word_1_336' title='bbox 327 3967 500 4034; x_wconf 80' lang='lat' dir='ltr'><strong>adhibentur,</strong></span> <span class='ocrx_word' id='word_1_337' title='bbox 524 3970 567 4021; x_wconf 84' lang='lat' dir='ltr'><strong>vel</strong></span> <span class='ocrx_word' id='word_1_338' title='bbox 582 3968 661 4021; x_wconf 81' lang='lat' dir='ltr'><strong>inriti</strong></span> <span class='ocrx_word' id='word_1_339' title='bbox 675 3970 855 4023; x_wconf 74' lang='lat' dir='ltr'><strong>mentiuntur</strong></span> <span class='ocrx_word' id='word_1_340' title='bbox 869 3966 1036 4023; x_wconf 80' lang='lat' dir='ltr'><strong>Phansaeiss</strong></span> <span class='ocrx_word' id='word_1_341' title='bbox 1061 3964 1159 4034; x_wconf 87' lang='lat' dir='ltr'><strong>alioqui</strong></span> <span class='ocrx_word' id='word_1_342' title='bbox 1176 3978 1245 4015; x_wconf 86' lang='lat' dir='ltr'><strong>emm</strong></span> 
     </span>
     <span class='ocr_line' id='line_1_41' title="bbox 143 4036 544 4107; baseline 0.005 -18"><span class='ocrx_word' id='word_1_343' title='bbox 143 4053 160 4089; x_wconf 82' lang='lat' dir='ltr'><strong>a</strong></span> <span class='ocrx_word' id='word_1_344' title='bbox 177 4036 275 4107; x_wconf 83' lang='lat' dir='ltr'><strong>populo</strong></span> <span class='ocrx_word' id='word_1_345' title='bbox 292 4052 344 4087; x_wconf 87' lang='lat' dir='ltr'><strong>uon</strong></span> <span class='ocrx_word' id='word_1_346' title='bbox 358 4038 544 4091; x_wconf 85' lang='lat' dir='ltr'><strong>toierarentnr.</strong></span> 
     </span>
    </p>

    <p class='ocr_par' dir='ltr' id='par_1_7' title="bbox 142 4100 1246 4386">
     <span class='ocr_line' id='line_1_42' title="bbox 245 4100 1246 4163; baseline -0.003 -8"><span class='ocrx_word' id='word_1_347' title='bbox 245 4104 343 4156; x_wconf 73' lang='lat' dir='ltr'><strong>Esseni</strong></span> <span class='ocrx_word' id='word_1_348' title='bbox 359 4106 409 4159; x_wconf 89' lang='lat' dir='ltr'><strong>deo</strong></span> <span class='ocrx_word' id='word_1_349' title='bbox 426 4108 579 4161; x_wconf 77' lang='lat' dir='ltr'><strong>adscribunt</strong></span> <span class='ocrx_word' id='word_1_350' title='bbox 596 4108 697 4161; x_wconf 80' lang='lat' dir='ltr'><strong>omnia:</strong></span> <span class='ocrx_word' id='word_1_351' title='bbox 724 4106 868 4163; x_wconf 85' lang='lat' dir='ltr'><strong>animorum</strong></span> <span class='ocrx_word' id='word_1_352' title='bbox 883 4104 1103 4159; x_wconf 79' lang='lat' dir='ltr'><strong>inmortalitatem</strong></span> <span class='ocrx_word' id='word_1_353' title='bbox 1120 4100 1246 4155; x_wconf 77' lang='lat' dir='ltr'><strong>ereduntt</strong></span> 
     </span>
     <span class='ocr_line' id='line_1_43' title="bbox 142 4170 1246 4248; baseline -0.005 -20"><span class='ocrx_word' id='word_1_354' title='bbox 142 4171 271 4228; x_wconf 83' lang='lat' dir='ltr'><strong>iustitiam</strong></span> <span class='ocrx_word' id='word_1_355' title='bbox 288 4174 385 4244; x_wconf 84' lang='lat' dir='ltr'><strong>colunt.</strong></span> <span class='ocrx_word' id='word_1_356' title='bbox 421 4178 530 4229; x_wconf 86' lang='lat' dir='ltr'><strong>donaria</strong></span> <span class='ocrx_word' id='word_1_357' title='bbox 546 4178 574 4230; x_wconf 88' lang='lat' dir='ltr'><strong><em>in</em></strong></span> <span class='ocrx_word' id='word_1_358' title='bbox 590 4179 714 4248; x_wconf 77' lang='lat' dir='ltr'><strong>tempium</strong></span> <span class='ocrx_word' id='word_1_359' title='bbox 729 4178 852 4245; x_wconf 82' lang='lat' dir='ltr'><strong>mittunt,</strong></span> <span class='ocrx_word' id='word_1_360' title='bbox 877 4176 923 4231; x_wconf 87' lang='lat' dir='ltr'><strong><em>ssd</em></strong></span> <span class='ocrx_word' id='word_1_361' title='bbox 942 4176 969 4227; x_wconf 89' lang='lat' dir='ltr'><strong>iu</strong></span> <span class='ocrx_word' id='word_1_362' title='bbox 986 4192 1018 4226; x_wconf 88' lang='lat' dir='ltr'><strong><em>so</em></strong></span> <span class='ocrx_word' id='word_1_363' title='bbox 1036 4190 1089 4226; x_wconf 84' lang='lat' dir='ltr'><strong>nou</strong></span> <span class='ocrx_word' id='word_1_364' title='bbox 1105 4170 1246 4236; x_wconf 65' lang='lat' dir='ltr'><strong>inmolant,</strong></span> 
     </span>
     <span class='ocr_line' id='line_1_44' title="bbox 143 4241 1245 4313; baseline -0.004 -16"><span class='ocrx_word' id='word_1_365' title='bbox 143 4244 178 4297; x_wconf 83' lang='lat' dir='ltr'><strong>de</strong></span> <span class='ocrx_word' id='word_1_366' title='bbox 195 4243 390 4313; x_wconf 85' lang='lat' dir='ltr'><strong>expiationibus</strong></span> <span class='ocrx_word' id='word_1_367' title='bbox 407 4262 424 4298; x_wconf 83' lang='lat' dir='ltr'><strong>a</strong></span> <span class='ocrx_word' id='word_1_368' title='bbox 440 4247 552 4300; x_wconf 81' lang='lat' dir='ltr'><strong>caeteris</strong></span> <span class='ocrx_word' id='word_1_369' title='bbox 569 4246 774 4301; x_wconf 55' lang='lat' dir='ltr'><strong>&amp;sentientur</strong></span> <span class='ocrx_word' id='word_1_370' title='bbox 790 4248 860 4301; x_wconf 90' lang='lat' dir='ltr'><strong>uude</strong></span> <span class='ocrx_word' id='word_1_371' title='bbox 877 4260 933 4299; x_wconf 86' lang='lat' dir='ltr'><strong>euru</strong></span> <span class='ocrx_word' id='word_1_372' title='bbox 950 4260 966 4296; x_wconf 86' lang='lat' dir='ltr'><strong>e</strong></span> <span class='ocrx_word' id='word_1_373' title='bbox 984 4242 1112 4297; x_wconf 84' lang='lat' dir='ltr'><strong>communi</strong></span> <span class='ocrx_word' id='word_1_374' title='bbox 1128 4241 1245 4294; x_wconf 69' lang='lat' dir='ltr'><strong>noterio</strong></span> 
     </span>
     <span class='ocr_line' id='line_1_45' title="bbox 144 4314 1246 4386; baseline -0.004 -19"><span class='ocrx_word' id='word_1_375' title='bbox 144 4323 301 4385; x_wconf 74' lang='lat' dir='ltr'><strong>areentur,</strong></span> <span class='ocrx_word' id='word_1_376' title='bbox 326 4314 449 4385; x_wconf 71' lang='lat' dir='ltr'><strong>privatim</strong></span> <span class='ocrx_word' id='word_1_377' title='bbox 477 4314 637 4371; x_wconf 78' lang='lat' dir='ltr'><strong>sauriieeut.</strong></span> <span class='ocrx_word' id='word_1_378' title='bbox 678 4316 784 4369; x_wconf 81' lang='lat' dir='ltr'><strong>iuberes</strong></span> <span class='ocrx_word' id='word_1_379' title='bbox 811 4314 988 4386; x_wconf 71' lang='lat' dir='ltr'><strong>agriculturae</strong></span> <span class='ocrx_word' id='word_1_380' title='bbox 1015 4317 1173 4383; x_wconf 76' lang='lat' dir='ltr'><strong>eupssmnte</strong></span> <span class='ocrx_word' id='word_1_381' title='bbox 1201 4324 1246 4364; x_wconf 84' lang='lat' dir='ltr'><strong><em>rea</em></strong></span> 
     </span>
    </p>
   </div>
   <div class='ocr_carea' id='block_1_6' title="bbox 0 0 1549 4900">
    <p class='ocr_par' dir='ltr' id='par_1_8' title="bbox 0 0 1549 4900">
     <span class='ocr_line' id='line_1_46' title="bbox 0 0 1549 4900; baseline 0 0"><span class='ocrx_word' id='word_1_382' title='bbox 0 0 1549 4900; x_wconf 95' lang='lat' dir='ltr'><strong><em> </em></strong></span> 
     </span>
    </p>
   </div>
  </div>
 </body>
</html>
