3050 4900
516 280 908 397 uuumnvia
1125 264 1237 356 ἰιι

130 483 229 558 μῖσος
251 475 297 560 τῷ
319 469 445 562 ἀδελφώ
467 471 616 561 φέρουσα.
665 471 863 560 κατηγγυήθη
885 470 942 557 μέν
964 469 1024 559 γδρ
1048 467 1132 560 αύτῷ
1146 467 1167 555 ἦ
1183 478 1240 538 τοῦ
1254 479 1292 534 W
1309 477 1325 532 1
1342 475 1394 534 lli

130 574 290 661 βασιλέως
313 572 472 663 θυγάτηρ,
497 573 515 642 δ
539 578 574 643 δέ
597 574 798 661 δουλευούσης
813 577 898 667 αύτῷ
912 575 1054 662 γυναικὸς
1068 571 1241 658 ἡττώμενος

133 681 192 745 καλ
210 686 382 765 περιμανῶς
398 685 455 745 τού
470 681 595 765 γυναίου
611 681 689 768 έρών
703 687 744 770 τῇ
758 682 814 766 μὲν
829 687 885 748 τοῦ
902 681 1036 767 ἀδελφοῦ
1053 681 1185 765 θυγατρὶ
1203 677 1240 742 ού

133 792 282 871 προσεῖχε
286 830 297 862 ,
320 789 360 870 τῇ
377 783 410 848 δὲ
427 780 522 870 δούλη
537 784 721 871 προσέκειτο.
771 783 886 870 δμηθετο
904 785 939 850 δέ
954 782 1008 849 διδ
1024 786 1113 848 τοῦτο
1126 778 1238 868 Ἥρώ-
1254 793 1279 847 D

106 888 198 970 ὅδης
214 889 266 950 καλ
281 884 337 969 τὴν
351 887 408 969 μέν
423 883 515 975 κύρην
529 887 588 976 υἱῷ
607 883 775 972 Φασαήλου
802 887 953 974 ζεύγνυσι,
974 882 1091 972 χρόνου
1107 886 1142 950 δὲ
1159 888 1241 952 διελ-

133 987 254 1066 θόντος
268 990 340 1078 περί
352 1014 386 1056 τε
400 995 462 1056 τών
477 989 606 1078 πρώτων
620 991 726 1079 ᾐτιᾶτο
743 989 798 1058 τὸν
814 991 948 1080 ἀδελφὸν
964 993 1015 1056 καλ
1028 989 1085 1072 τὴν
1099 989 1242 1074 δευτέραν

131 1093 227 1178 ἠξίου
251 1089 438 1176 λαμβάνειν,
463 1096 692 1183 παρηκμακέναι
713 1091 774 1180 ἤδη
801 1095 884 1184 αύτῷ
907 1091 1043 1179 οίύμενος
1059 1099 1114 1176 τῆς
1130 1090 1243 1176 δούλης

132 1195 194 1264 τδν
210 1194 320 1283 ἔρωτα.
369 1193 387 1261 δ
404 1197 439 1262 δὲ
452 1198 509 1283 τὴν
523 1199 580 1283 μέν
596 1195 775 1284 δούληνκαὶ
792 1202 890 1264 παῖδα
906 1199 938 1277 έξ
956 1199 1049 1282 αὐτῆς
1065 1195 1147 1280 σχών
1163 1196 1243 1260 ἀπα-

132 1299 305 1382 πέμπεται,
321 1298 379 1383 τὴν
391 1300 430 1366 δέ
444 1309 501 1369 τού
510 1303 663 1386 βασιλέως
673 1301 831 1390 θυγατέρα
843 1301 921 1386 μετδ
934 1301 1117 1389 τριακοστὴν
1127 1295 1244 1385 ἡμέραν

91 1403 291 1471 laxatione
317 1399 489 1487 λήψεσθαι.
540 1404 723 1490 διελθούσης
747 1406 784 1470 δέ
806 1413 862 1490 τῆς
883 1404 1077 1492 προθεσμίας
1099 1409 1245 1470 τοσούτω

133 1505 220 1594 πρὸς
242 1505 298 1571 adr
317 1511 374 1588 τῆς
395 1508 507 1593 δούλης
531 1507 629 1596 ἴριοτα
644 1503 786 1594 ἐμεμύκει
803 1506 845 1588 ὥς
861 1509 1013 1594 ἀθετῆσαι
1029 1507 1069 1573 nd
1086 1502 1245 1591 ὡμολογη-

135 1609 236 1693 μένα,
257 1614 297 1696 τῇ
314 1609 350 1673 δέ
364 1612 499 1704 προτέρη
514 1614 776 1702 συμφθείρεσθαι.
826 1619 924 1680 ταῦτα
939 1612 993 1678 τδν
1013 1606 1164 1698 Ἥρώδην
1182 1608 1246 1688 έξέ-

136 1731 251 1798 μαινε·
271 1713 324 1778 κοιλ
347 1709 394 1778 ἀεὶ
417 1715 453 1781 δέ
472 1741 503 1782 τι
526 1715 629 1796 καινδν
645 1725 833 1801 προσπῖπτον
850 1717 988 1804 ἀτρεμεῖν
1006 1714 1099 1782 αάτδν
1116 1713 1171 1779 οῖκ
1189 1711 1246 1778 εἷλε.
1262 1717 1286 1771 Ρ
1302 1711 1387 1770 1248

138 1818 194 1881 καὶ
219 1811 241 1897 ἦ
265 1813 402 1900 Σαλώμη
426 1819 462 1884 δέ
479 1818 601 1904 χαλεπὴ
616 1828 681 1896 τοῖς
696 1819 730 1884 ἐκ
746 1820 885 1907 Μαριάμ
902 1814 980 1886 odon
997 1820 1048 1884 aui
1064 1816 1122 1898 τὴν
1137 1814 1263 1896 ἑαυτῆς.

95 1916 304 2003 15θυγατέρα
324 1917 549 2012 Ἀριστοβούλῳ
574 1929 774 1990 συνοικοῦσαν
799 1921 939 1987 ἀνέπειθε
956 1921 999 2004 μὴ
1018 1919 1156 1993 εάνοῖκιῖς
1172 1913 1249 2002 πρὸς

138 2017 325 2106 τδνάνδρα
350 2023 541 2104 διακεῖσθαι,
576 2016 775 2112 ἀπαγγέλλειν
801 2025 835 2090 δέ
861 2025 940 2110 αύτῇ
965 2022 996 2088 εί
1014 2047 1044 2088 τι
1068 2019 1139 2086 κατ’
1168 2020 1248 2084 λδίαν

140 2120 310 2205 λαλήσειεν.
359 2120 380 2207 ἦ
406 2126 441 2192 δέ
464 2133 641 2211 μεμνῆσθαι
665 2129 737 2205 τοὺς
760 2129 933 2205 νεανίσκους
955 2125 1035 2211 έλεγε
1051 2131 1106 2209 τῆς
1121 2117 1247 2210 parada

139 2226 200 2292 τδν
217 2226 252 2290 δέ
267 2225 385 2315 πατέρα
407 2239 542 2314 στυγεῖν,
568 2229 700 2294 ἀπειλεῖν
716 2231 750 2295 δέ
766 2237 821 2314 τῆς
838 2231 936 2319 ἀρχῆς
951 2226 1092 2315 τυχόντες
1106 2226 1178 2303 τοδς
1192 2226 1248 2308 μέν

142 2329 179 2393 ἔκ
195 2334 257 2394 τῶν
274 2328 377 2395 ἄλλων
391 2337 542 2417 γυναικοῖν
556 2334 671 2409 παῖδας
690 2329 842 2418 Ἡρώδου
865 2340 1137 2420 κωμογραμματεῖς
1151 2355 1248 2394 κατα-

99 2428 288 2516 Ξθστῆσειν,
312 2433 369 2512 τάς
393 2437 427 2502 δέ
448 2446 593 2521 γυναῖκας
608 2437 779 2523 καθείρξειν
796 2434 838 2515 ώς
852 2439 931 2522 μηδέ
946 2437 999 2504 τδν
1014 2434 1101 2521 ἥλιον
1116 2433 1249 2519 βλέπειν.

115 2552 119 2558 “
142 2542 245 2603 ταῦτα
278 2535 331 2601 διδ
363 2545 420 2623 τῆς
451 2540 596 2623 κακίστης
627 2537 782 2624 Σαλώμης
810 2548 856 2630 τῷ
885 2547 1010 2624 βασιλεῖ
1035 2538 1248 2624 ἀπηγγέλλετο,

142 2638 283 2717 κάκεῖνος
305 2636 414 2723 ἤκουεν
436 2642 597 2727 ἀλγεινοῖς,
622 2642 761 2730 ἐπειρᾶτο
785 2642 820 2708 δέ
843 2648 1009 2729 διορθοῦν·
1034 2640 1152 2707 τῶνδέ
1175 2639 1287 2703 ποί-Β

142 2744 209 2809 δισν
224 2741 498 2828 ἀπολογησαμένων
513 2744 596 2839 ῥᾴων
612 2746 732 2829 ἐγένετο.

216 2900 410 2972 διαζώματι
426 2908 460 2959 Α.
560 2904 595 2958 Ἃ
613 2894 793 2971 έπηγγέλλετο
811 2900 844 2953 Α.
942 2899 977 2953 22
994 2894 1027 2953 di
1043 2898 1119 2972 prius
1136 2898 1158 2953 Δ
1176 2897 1250 2952 Iose-

216 2973 300 3041 phus,
319 2989 349 3026 τε
365 2974 436 3027 Pw.
477 3024 481 3031 ,

143 3106 322 3179 suspicionem
346 3116 374 3163 st
396 3108 483 3163 odium
506 3108 593 3176 venit,
620 3108 671 3163 boa
692 3107 777 3165 modo.
813 3124 871 3161 curu
898 3106 923 3159 ei
947 3106 1018 3177 ragis
1041 3107 1097 3161 filia
1119 3107 1252 3177 desponsa

144 3186 234 3247 assat,
260 3179 389 3233 muliarsrn
412 3179 531 3233 ancillam
553 3178 645 3233 insano
665 3194 755 3231 amors
776 3177 926 3249 deperibat,
951 3178 1125 3248 neglectaque
1142 3176 1255 3245 coniuge

143 3263 243 3301 servae
260 3250 421 3316 amplexibus
436 3248 601 3316 indulgebat.
634 3248 663 3301 id
678 3247 799 3300 Harudes
815 3262 895 3314 aegra
907 3248 995 3299 ferens
1010 3248 1119 3317 puellam
1134 3245 1255 3299 Pbasaeli

144 3318 204 3371 lilio
221 3317 318 3384 iungit:
336 3316 383 3369 sed
400 3318 534 3385 aliquanto
551 3325 613 3387 post
628 3324 684 3370 tum
702 3317 735 3368 ds
751 3316 842 3385 priora
859 3314 954 3368 delicto
971 3318 1136 3387 expostulat,
1154 3324 1209 3369 turn
1224 3320 1254 3366 ut

145 3387 258 3439 altarem
283 3386 360 3438 filiurn
384 3385 464 3438 duoat
486 3386 618 3454 postulat,
642 3386 754 3438 ancillae
778 3400 889 3437 araurem
912 3386 961 3438 iarn
984 3386 1147 3440 deferbuisse
1170 3390 1254 3438 ratus.

146 3456 194 3509 ills
211 3454 304 3507 ancilla
322 3462 350 3508 st
366 3471 448 3524 puero
466 3470 499 3506 ex
518 3471 551 3506 aa
568 3463 629 3507 nato
646 3456 777 3519 dimissis,
804 3470 835 3507 sa
852 3454 922 3523 ragis
939 3456 1017 3509 liliam
1036 3455 1068 3510 ad
1086 3455 1154 3507 diem
1172 3452 1255 3519 trige-

147 3526 241 3578 airuum
266 3522 402 3577 ducturum
426 3524 575 3594 pollicetur.
610 3541 662 3594 quo
686 3531 807 3595 tempora
832 3523 935 3595 elapso,
963 3532 1052 3578 tantus
1078 3524 1136 3577 eius
1159 3522 1255 3575 amoris

148 3594 229 3646 ardor
253 3608 317 3661 erga
343 3594 462 3646 ancillam
485 3593 555 3660 init,
586 3598 617 3645 ut
637 3594 725 3663 pactis
749 3594 889 3646 conventis
914 3595 1042 3664 neglectis
1064 3593 1092 3645 in
1118 3592 1255 3644 adamatae

147 3660 315 3715 mulierculas
340 3664 439 3731 stupris
462 3661 637 3714 volutaretur.
671 3662 700 3714 id
716 3663 833 3715 Herodis
849 3663 963 3717 furorem
981 3662 1115 3716 amendia
1141 3678 1171 3714 aa
1193 3661 1257 3713 sub-

143 3732 213 3783 inde
236 3730 298 3781 novi
322 3731 419 3801 aliquid
444 3738 562 3783 exortum
584 3736 641 3798 eat,
667 3731 737 3815 quod
755 3748 813 3785 euro
831 3733 947 3800 quietum
965 3748 1093 3786 essenon
1129 3737 1257 3783 uteretur.

150 3800 185 3850 ad
207 3800 273 3851 baso
290 3799 394 3852 Salona
410 3800 471 3853 filiis
489 3800 659 3853 Mariamme
675 3803 787 3868 infesta,
815 3802 884 3854 inlisa
901 3820 953 3871 quo
973 3818 1007 3854 ua
1024 3818 1087 3855 suas
1104 3750 1257 3854 instando

150 3876 257 3988 τινα
273 3868 531 3992 τελεῖται
548 3872 626 3992 ,κε
639 3880 772 3993 νεῖν
786 3820 974 3994 κακοί
991 3870 1258 3994 τελλίναν

150 4011 253 4075 patrem
271 4006 376 4061 odisse:
401 3977 516 4063 miditari
533 4026 563 4061 ss
579 4026 662 4079 regno
679 3980 782 4080 potitis
800 3960 914 4069 Ηενδδίε
932 4008 1026 4063 liberos
1044 4026 1077 4063 ex
1095 4009 1152 4061 aliis
1168 3976 1260 4061 ιαιελίαἶ

150 4075 226 4129 ribus
243 4082 335 4144 natos,
373 4094 471 4147 aganus
489 4078 591 4131 scribas
607 4079 768 4147 effecturos,
785 4078 859 4149 ipsas
872 4079 993 4133 mulieres
1009 4080 1049 4133 ita
1066 4080 1213 4132 inclusuros
1230 4084 1261 4131 ut

152 4162 188 4198 ne
204 4146 285 4200 solem
303 4098 408 4217 quidem
425 4149 601 4202 intuerentur.
654 4165 705 4202 uas
721 4166 779 4203 corn
797 4166 846 4203 rex
863 4166 897 4202 ex
913 4150 1121 4217 improbissimas
1139 4150 1261 4203 Salamas

151 4214 251 4269 indicio
279 4224 467 4287 cognosceret,
501 4216 620 4271 dolenter
635 4166 764 4286 (istebat,
797 4219 844 4273 sed
869 4234 924 4271 ram
950 4232 1106 4289 componere
1130 4219 1260 4284 tentabat,

154 4284 298 4357 auditaque
313 4288 427 4342 liliorum
444 4286 596 4340 defensione
612 4286 792 4356 mitigabatur.
