3050 4900
496 319 712 392 ANNALIUM
733 321 769 389 V
792 319 845 388 25.
1145 316 1219 388 461

121 517 200 605 ηρδς
215 514 271 598 τὴν
287 513 363 598 ἐμὴν
379 511 484 600 κυρίαν
498 511 577 577 κατδ
587 516 661 590 σού,
678 508 713 576 τδ
728 501 915 595 άντίγραφδν
928 527 977 574 σοι
990 501 1224 588 αδτῆςῖστειλο,
1239 515 1262 570 Ρ
1278 513 1294 568 1
1309 513 1363 572 258

121 615 316 692 ἐπικινδύνως
331 618 414 698 ἐμοί,
432 616 592 704 ὠφελίμως
608 613 643 679 δὲ
659 612 738 678 σοί.”
792 604 832 696 ἦν
850 613 882 676 δὲ
898 607 918 694 ἡ
931 609 1025 694 Ἀκμὴ
1039 609 1172 675 Ἰουδαία
1187 609 1224 676 τδ

121 723 224 808 γένος,
258 717 395 785 ἐδούλευε
420 720 454 783 δὲ
472 719 583 808 Ἰουλίᾳ
605 723 644 804 τῇ
667 717 827 800 Καίσαρος
848 715 984 801 γυναικί,
1019 716 1070 777 καλ
1092 711 1225 799 ἔπρασσε

121 831 222 890 τούτο
234 821 370 909 χρήμασι
387 828 511 898 πολλοῖς
526 822 680 904 δεηθεῖσα
694 817 749 884 ὑπ’
770 816 978 904 Ἀντιπάτρου.
1025 811 1169 902 Ἡρώδης
1191 817 1227 882 tt

98 926 248 1016 σῶρμησε
259 928 319 1009 ,μέν
336 925 431 1002 εύθύς
447 925 558 990 ἀνελεῖν
573 923 627 989 τὸν
644 923 840 1007 Ἀντίπατρον
856 919 897 998 ῶς
913 918 1069 1004 κύκηθρον
1085 918 1225 1004 μεγάλων

120 1025 310 1117 πραγμάτων
334 1027 499 1114 (ἷξῶτρυνε
523 1029 556 1093 δὲ
579 1024 672 1091 ούτδν
688 1022 708 1109 ἦ
727 1021 862 1108 Σαλώμη
880 1024 1155 1110 στερνοτυπουμένη
1173 1025 1226 1088 καλ

120 1135 244 1199 κτείνειν
268 1133 364 1215 αὐτὴν
387 1132 515 1209 άξιυῦσα
538 1133 564 1195 εί
588 1127 670 1214 εύροι
693 1130 793 1194 πίστιν
814 1128 882 1192 τινά
899 1130 946 1192 ἐπὶ
961 1137 1025 1202 τοῖς
1040 1125 1110 1190 κατ’
1131 1124 1227 1208 αὐτῆς

121 1235 307 1323 ἀξιόχρεων)
315 1283 326 1313 ,
344 1235 503 1315 κατασχών
521 1233 553 1298 δ’
573 1231 682 1298 ἑαυτὸν
696 1231 911 1313 μετεπίμψατο
927 1229 980 1294 τδν
995 1226 1062 1294 υἶάν
1069 1277 1080 1307 ,
1097 1224 1226 1293 κελεύων

121 1340 269 1405 ἀπειπεῖν
284 1339 379 1420 μηδὲν
393 1334 599 1419 ύπειδύμενον.
650 1331 668 1400 ὃ
690 1336 725 1399 δὲ
741 1335 902 1421 Ἀντιφίλῳ
919 1333 974 1415 την
991 1331 1110 1396 πάττων
1128 1331 1227 1396 αίτίαν

79 1443 267 1512 retraho.
313 1438 460 1527 Ἡρώδης
480 1440 512 1506 δ’
540 1432 633 1514 αὖθις
656 1435 822 1524 γράμματα
844 1436 921 1524 πρὸς
938 1437 1082 1519 Καίσαρα
1099 1433 1228 1500 ἔστειλεν

120 1548 169 1611 lut
188 1545 355 1634 κατηγορίᾳ
369 1551 425 1609 τοῦ
443 1540 660 1626 Ἀντιπάτρου,
694 1543 844 1624 δηλοῦντα
860 1542 911 1604 καί
927 1536 986 1605 ὅσα
1002 1535 1021 1621 ἡ
1036 1536 1131 1620 Ἀκμὴ
1149 1561 1223 1620 συγ-
1239 1547 1264 1602 Β

119 1647 362 1735 κακουργήοασο
384 1646 510 1733 εύρητο·
544 1643 655 1710 ἴστειλε
677 1645 711 1708 δὲ
733 1647 785 1708 καὶ
801 1648 862 1709 τῶν
880 1644 991 1726 ἐκείνης
1007 1641 1172 1706 ἐπιστολῶν
1187 1638 1228 1705 τά

118 1753 306 1838 ἀντίγραφα.

226 1857 282 1930 Εἰς
303 1850 394 1922 νόσον
410 1853 444 1918 δὲ
459 1839 574 1937 μεταξύ
592 1847 609 1915 ὃ
624 1847 769 1930 βασιλεὺς
785 1846 921 1931 ἐμπεσών
940 1843 1092 1928 διαθήκας
1106 1840 1229 1931 γράφει,

77 1963 169 2045 15τῶ
199 1952 338 2042 νεωτάτῳ
369 1963 430 2022 τῶν
458 1957 534 2022 υἱῶν
561 1954 619 2039 τὴν
645 1952 803 2034 βασιλείαν
828 1947 949 2026 διδούς,
982 1949 1063 2029 μίσει
1085 1951 1129 2033 τῷ
1153 1945 1231 2031 πρὸς

116 2059 286 2145 Ἀρχέλαον
301 2061 351 2120 καλ
371 2061 522 2123 Φίλιππον
539 2059 572 2122 lu
584 2061 646 2134 τῶν
664 2050 862 2139 Ἀντιπάτρου
882 2054 1043 2133 διαβολῶν.
1095 2047 1231 2131 άπεμνω-

79 2203 82 2207 >
121 2164 189 2239 κῶς
214 2162 249 2226 δὲ
270 2165 379 2242 βιῶναι
395 2160 438 2225 δ’τι
455 2163 522 2244 περὶ
539 2158 605 2235 ἔτος
620 2155 662 2220 ῶν
678 2154 905 2240 ἑβδομηκοστὸν
921 2153 1098 2238 ἐξηγρίωτο·
1133 2150 1229 2215 αἴτιον

123 2266 160 2331 δ’
188 2256 228 2346 ἦν
251 2261 297 2328 ὅτι
322 2267 583 2350 καταφρονεῖσθαι
607 2254 704 2322 ἐδόκει
727 2263 779 2324 καὶ
801 2256 934 2342 ἥδεσθαι
956 2254 1072 2330 πάντας
1095 2255 1143 2319 ἐπὶ
1164 2261 1230 2328 τοῖς

124 2369 225 2434 αύτοϋ
258 2366 497 2453 δυστυχήματα.
549 2365 591 2438 είς
623 2363 713 2425 τούτο
747 2362 780 2424 δ’
817 2361 849 2426 ἐκ
880 2362 999 2426 τοιοῦδε
1031 2355 1231 2443 παρώρμητο.

77 2470 230 2544 morchiel
252 2470 337 2557 παρὰ
358 2471 412 2538 τδν
433 2466 528 2552 νόμον
537 2461 665 2552 Ἡρώδη
682 2464 857 2547 πεποίηντο,
885 2456 927 2529 ῶν
941 2461 974 2527 ’ἐν
990 2452 1028 2545 ἦν
1043 2464 1094 2527 καλ
1110 2457 1126 2526 δ
1143 2458 1229 2544 παρὰ

122 2574 182 2641 τὸν
206 2572 301 2659 μίγαν
322 2581 378 2639 τού
399 2580 474 2639 ναοῦ
495 2576 620 2637 πυλῶνα
641 2568 800 2643 άνατεδελς
817 2571 952 2655 χρυσοῶς
973 2560 1070 2641 ἀετύς.
1121 2558 1231 2627 κωλύει

123 2680 162 2745 δὲ
189 2674 207 2743 ὅ
231 2674 324 2760 νύμος
346 2676 467 2744 είκδνων
492 2675 653 2749 ἀναθέσεις
673 2668 695 2755 ἢ
718 2669 803 2750 ζῶων
827 2665 1069 2752 ἐπιτηδεύεσθαι.
1119 2670 1227 2729 τούτυν
1243 2680 1268 2732 c

197 2890 216 2945 3
243 2884 334 2960 ίουλίρι
357 2889 419 2942 lrhri
443 2904 495 2939 moa
518 2902 605 2938 omnes
623 2898 681 2933 cum
697 2878 830 2946 losepho,
853 2873 939 2944 Λιβίᾳ
954 2872 1014 2925 PW
1032 2888 1065 2925 ex
1081 2869 1232 2923 coniectura

198 2958 306 3025 wolfii,
323 2965 355 3010 ut
370 2976 397 3025 p.
415 2956 467 3010 465
484 2973 511 3007 v.
525 2955 559 3017 2,
575 2950 628 3005 477
644 2964 671 3001 u.
684 2948 712 3001 8.
819 2944 853 2999 10
866 2938 996 2995 ὑπετίθει
1011 2941 1046 2994 Α.
1142 2940 1184 2993 Τδ
1198 2934 1231 2991 δὲ

199 3044 243 3079 om
258 3026 292 3078 A.
396 3026 430 3079 14
447 3017 592 3089 διαθήκην
607 3018 642 3071 A.
742 3014 779 3068 20
795 3010 931 3079 πεποίητο
947 3010 981 3065 A.

122 3221 248 3274 Salomea
274 3214 400 3287 epistolae
423 3211 458 3264 οδ
481 3209 609 3262 dominam
632 3223 721 3292 ιουοπρθ
736 3208 827 3259 contra
843 3206 872 3254 te
888 3197 1006 3268 scriptae
1023 3198 1165 3267 exemplum
1181 3193 1233 3249 tibi

123 3281 626 3415 httttttulrttl‘ttttt
640 3266 1234 3412 tumulltultttllltttfh

123 3428 274 3484 conductu.
308 3419 431 3474 Herodes
446 3415 499 3469 etai
514 3414 663 3467 concitatur
680 3420 738 3465 erat
755 3411 788 3464 ad
805 3408 971 3477 Antipatrum
987 3406 1077 3458 atatim
1092 3402 1235 3455 tollendum

124 3508 160 3553 ut
184 3508 339 3562 magnarum
361 3504 447 3543 rerum
463 3486 640 3548 turbatorem,
666 3489 694 3535 et
711 3500 727 3534 a
744 3480 848 3534 Salonio
865 3476 1031 3541 irritabatur,
1058 3488 1126 3542 quaa
1140 3478 1234 3541 pectus

123 3566 259 3623 tunderet
276 3577 358 3630 aeque
375 3556 459 3610 occidi
472 3554 580 3607 iuberet
595 3553 618 3605 ai
635 3551 706 3621 quod
722 3554 900 3619 argumentum
914 3544 967 3597 fide
983 3544 1086 3611 (lignum
1100 3547 1237 3593 contrane

126 3631 388 3705 deprehenderetur,
411 3634 498 3679 tomen
515 3641 544 3675 ae
560 3622 702 3692 repressit,
727 3625 756 3671 et
772 3618 853 3671 filium
869 3615 1020 3667 arceaeitum
1039 3610 1100 3663 nihil
1118 3616 1235 3661 metuen-

126 3714 186 3760 tem
204 3699 365 3769 reopondere
380 3696 468 3749 iuaait.
500 3691 546 3774 qui
564 3708 621 3744 cum
639 3707 737 3742 omnem
757 3688 858 3756 culpam
873 3684 901 3737 in
918 3681 1074 3751 Antiphilam
1091 3678 1235 3743 conferret,

128 3777 166 3827 ab
195 3768 303 3822 Herode
327 3768 411 3819 denuo
431 3778 481 3833 per
500 3762 603 3814 litteras
621 3759 691 3829 apud
709 3760 850 3813 Caesarem
866 3758 1019 3819 accusatur,
1044 3748 1125 3801 etiam
1140 3746 1235 3800 Amnes

128 3840 276 3897 fraudibus
291 3835 419 3898 detectio,
440 3839 470 3885 et
485 3830 610 3899 exemplis
625 3829 772 3882 litterarum
787 3827 856 3880 illiue
874 3820 990 3877 adiectis·

241 3908 348 3959 Interea
369 3920 418 3956 rex
440 3902 532 3955 morbo
550 3916 696 3969 oppressus
717 3904 901 3950 teatamcntum
923 3890 1033 3953 scribit,
1054 3885 1081 3937 in
1104 3900 1156 3955 quo
1179 3882 1234 3935 tilio

128 3982 204 4035 natu
219 3976 324 4028 minimo
338 3988 447 4041 regnum
462 3970 585 4039 reliquit,
604 3970 731 4021 Archelao
743 3973 773 4019 et
782 3966 904 4033 Philippo
915 3978 947 4013 ex
957 3954 1090 4026 Antipatri
1100 3951 1237 4007 calumniis

126 4049 265 4105 infensus.
300 4051 329 4095 et
342 4042 460 4111 longiore
474 4040 533 4091 ritu
547 4039 701 4107 desperata,
718 4054 774 4090 cum
792 4050 886 4087 enuum
902 4026 1117 4099 septuagesimum
1132 4026 1235 4091 ageret,

128 4132 221 4186 aeque
243 4112 372 4166 contemni
395 4128 427 4163 ac
450 4111 504 4163 ouis
524 4107 673 4161 infortuniis
690 4106 784 4160 laetari
800 4119 887 4157 omnea
904 4104 1023 4169 putaret,
1051 4093 1176 4146 efferatur
1194 4096 1237 4143 eat

127 4183 286 4245 huiuamodi
307 4181 454 4234 occasione.
487 4178 607 4231 Herodea
628 4194 689 4230 cum
710 4176 790 4228 multa
810 4180 902 4227 eontra
918 4168 1002 4237 legem
1017 4164 1141 4229 fecisset,
1166 4162 1237 4213 inter

129 4258 191 4313 alie
208 4254 236 4306 in
252 4270 346 4321 magne
362 4249 454 4318 templi
467 4247 598 4299 vestibulo
616 4262 719 4299 auream
736 4244 849 4313 aquilam
866 4237 1011 4299 dedicarat,
1034 4232 1120 4301 legal
1180 4230 1187 4245 ⁸
1207 4244 1238 4281 eo

103 4324 269 4381 hominum
286 4329 334 4377 aut
349 4317 517 4375 animantium
533 4315 649 4371 dedicari
666 4320 783 4368 vetante.
817 4326 875 4364 eam
896 4305 1011 4377 aquilam
1026 4301 1104 4359 Iudae
1121 4308 1149 4355 et
1210 4307 1238 4353 t·
