3050 4900
483 285 713 355 'ANNAUUM
735 288 787 355 VI
811 290 863 357 13.
957 327 962 334 <
1154 289 1228 363 511

229 472 267 542 Ὅ
294 474 329 541 δὲ
355 479 409 539 τοῦ
433 471 555 555 Ἰζάτου
582 472 716 562 άδελφδς
740 471 928 556 Μονόβαζος
951 476 1003 539 καλ
1026 476 1056 541 οῖ
1080 489 1230 563 συγγενεῖς

131 580 286 645 λουδαῖσαι
312 580 363 643 καλ
387 575 473 644 αότολ
499 573 712 662 ἐπεθύμησαν,
738 582 789 643 καλ
805 578 861 663 τὴν
878 576 981 664 ἔφεσιν
997 582 1041 657 είς
1057 578 1143 667 ἔργον
1159 580 1230 665 ἐξή-

130 708 247 767 νεγκαν.
297 682 406 766 γίνεται
431 680 462 745 δ’
488 678 508 765 ἢ
533 686 642 769 πρᾶξις
664 681 763 747 αὐτῶν
784 690 849 759 τοῖς
870 678 1016 766 δπηκόοις
1036 681 1230 771 κατάφωρος.

131 788 182 851 καὶ
199 780 352 873 γράφουσι
369 784 446 872 πρὸς
467 784 586 868 Ἀβίαν
606 792 667 852 τῶν
690 783 843 872 Ἀράβων
858 786 1005 869 βασιλία,
1030 790 1057 853 εί
1078 786 1225 874 στρατιά·
1241 807 1267 858 l)

106 896 215 953 ὅσοιτο
241 888 318 953 κατά
341 894 397 953 τοῦ
419 888 567 975 σφετέρου
590 889 757 971 βασιλίως,
784 886 931 975 χρήματα
947 890 1046 955 πολλά
1062 886 1230 978 παρασχεῖν

130 992 231 1079 αὐτῷ,
257 989 503 1077 ἐπαγγελλόμενοι
527 995 594 1079 περί
614 988 668 1076 τὴν
686 988 808 1079 πρώτην
825 992 981 1076 συμβολὴν
998 996 1050 1057 καί
1069 994 1154 1059 αὐτοὶ
1171 1018 1229 1062 au-

75 1106 77 1113 '
127 1096 283 1177 ταλείψειν
302 1091 403 1159 αὐτόν.
453 1098 591 1162 πείθεται
607 1092 727 1173 τοάτοις
753 1091 770 1159 δ
793 1095 927 1183 Ἄραψ,
952 1099 1001 1161 καὶ
1014 1096 1136 1179 Ιπολλὴν
1153 1100 1230 1163 ἔπα-

127 1195 253 1281 γόμενος
271 1196 400 1280 δύναμιν
416 1188 486 1281 ἧκεν
502 1200 550 1265 lai
567 1197 621 1265 τόν
641 1195 773 1283 Ἰζάτην.
824 1202 875 1264 καὶ
898 1205 1054 1283 συμβολῆς
1069 1204 1230 1285 γενομένης

128 1302 341 1366 καταλείπουσι
358 1301 411 1366 τδν
429 1298 551 1385 Ἰζάτην
569 1304 598 1368 ολ
615 1304 710 1367 αὐτοῦ
727 1304 759 1367 ἐκ
778 1299 976 1385 συνθήματος
992 1306 1044 1367 καί
1059 1311 1141 1367 νῶτα
1157 1306 1230 1388 τρέ-

85 1416 121 1468 10
129 1421 245 1485 ψαντες
262 1402 397 1489 ίφειηον.
446 1405 536 1489 γνοδς
553 1406 658 1489 δὲτὴν
676 1407 843 1491 προδοσίαν
860 1404 982 1489 Ἰζάτης
993 1408 1151 1489 γενομένην
1168 1403 1229 1471 sind

127 1510 189 1571 τῶν
205 1504 408 1591 μεγιστάνων,
432 1510 473 1585 είς
491 1507 525 1571 τδ
543 1508 748 1595 στρατόπεδον
763 1506 956 1596 δπεχιάρησε,
973 1510 1026 1573 καὶ
1044 1506 1140 1597 εδριδν
1157 1510 1233 1586 τοδς

129 1610 245 1685 αίτίους
269 1606 405 1675 ἐκόλασε.
454 1616 494 1696 τῇ
511 1611 542 1673 δ’
563 1609 687 1697 ίπιοάση
705 1600 873 1693 συμβαλιδν
889 1619 975 1703 νικᾷ,
1000 1614 1051 1677 καί
1069 1616 1112 1689 εἰς
1129 1613 1232 1699 φυγὴν

127 1711 199 1788 τοδς
217 1710 369 1799 Ἀραβας
393 1710 519 1799 ἔτρεψε,
544 1712 597 1777 τὸν
623 1715 656 1781 δὲ
679 1717 809 1796 βασιλέα
833 1716 933 1780 αὐτῶν
956 1717 999 1792 είς
1023 1714 1173 1804 φροάριόν
1197 1742 1229 1781 τι
1244 1729 1268 1782 Ρ
1283 1726 1299 1782 Ι
1313 1727 1367 1783 28⁵

128 1812 277 1898 συνήλασε
312 1812 505 1899 διωκόμενον.
555 1818 605 1881 καλ
634 1814 650 1881 δ
676 1818 732 1899 μὲν
759 1814 868 1883 ἑαυτὸν
893 1819 1006 1883 ἀνεῖλεν
1033 1814 1232 1902 ἁλισκόμενος

84 1934 119 1987 15
129 1915 188 1998 ἤδη
196 1966 206 1995 ,
241 1918 276 1981 τὸ
311 1920 343 1982 δὲ
376 1917 524 2006 φροάριον
548 1917 628 1985 ἑάλω
654 1922 704 1985 καί
729 1920 770 1987 sd
796 1922 827 1984 ίν
853 1921 938 2009 αὐτῷ
965 1917 1127 2004 διηρπάγη.
1177 1923 1230 1985 καλ

123 2017 246 2103 Ἰζάτης
264 2022 306 2095 είς
325 2020 365 2084 τὰ
380 2024 474 2085 οἰκεῖα
489 2020 686 2112 δπίστρεψεν.

232 2122 271 2187 Oi
290 2122 323 2187 δὲ
341 2128 402 2187 τῶν
421 2122 622 2205 Ἀδιαβηνῶν
638 2130 815 2209 μεγιστᾶνες
834 2123 1007 2210 Οὗολογίση
1023 2129 1067 2212 sui
1085 2121 1232 2211 Πάρθων

126 2222 281 2311 γράφουσι
297 2230 436 2307 βασιλεῖ,
462 2225 613 2303 άξιοῦντες
629 2227 803 2293 ἀποκτεῖναι
818 2229 875 2309 μὲν
891 2228 945 2292 τδν
967 2224 1107 2311 Ἰζάτην,
1132 2252 1231 2292 κατα-

127 2334 238 2411 στῆσαι
266 2329 299 2392 δὲ
324 2329 411 2413 σφίσι
435 2326 587 2411 δυνάστην
611 2329 644 2393 ἔκ
667 2327 826 2415 Πάρθων·
851 2341 950 2414 μισεῖν
966 2330 1025 2416 γάρ
1040 2330 1094 2395 τὸν
1112 2327 1230 2395 ἑαυτῶν

84 2430 255 2510 δοβαοιλία
281 2429 348 2516 ξίνῃ
371 2433 522 2522 θρησκείᾳ
545 2432 840 2518 προσηλυτιάσανια.
890 2434 906 2499 δ
931 2442 1003 2517 γοῦν
1019 2430 1153 2519 Πάρθος
1170 2433 1229 2499 αὖ·

126 2535 194 2596 τίκα
211 2533 289 2616 μετά
304 2535 444 2618 πλείστης
461 2531 617 2617 δυνάμεως
633 2535 775 2622 ὥρμησε,
800 2539 850 2600 καί
875 2534 893 2601 δ
916 2534 1038 2618 Ἰζάτης
1062 2537 1228 2621 ἀπεστρα-

125 2634 338 2703 τοπεδεύσατο.
389 2640 508 2715 σταλείς
532 2639 568 2704 δέ
589 2665 635 2716 τις
658 2641 690 2703 ίκ
714 2646 770 2703 τοῦ
793 2637 930 2726 Πάρθου
953 2639 1035 2720 ἔλεγε
1056 2645 1100 2724 τῷ
1122 2633 1228 2721 Ἰζάτη

125 2735 223 2824 ὁπόση
247 2743 308 2805 doti
332 2747 393 2807 τῶν
410 2739 553 2827 Πάρθων
569 2739 590 2824 ἡ
609 2741 736 2822 δύναμις
742 2789 752 2819 ,
778 2744 829 2803 καλ
846 2739 888 2816 ὥς
907 2739 1098 2821 Οὐολογέσης
1114 2739 1232 2801 άπειλεῖ

125 2845 212 2920 δίκας
243 2843 411 2930 είσπράξειν
441 2843 534 2910 αὐτόν
540 2892 550 2922 ,
584 2841 749 2927 ἀχάριστον
780 2844 848 2922 περὶ
879 2836 1028 2912 δεσπότας
1052 2837 1227 2921 γενόμενον·

195 3017 214 3070 4
230 3019 302 3086 τῶν]
317 3015 369 3071 eds
386 3020 419 3072 Α.
541 2951 576 3072 λθ
592 3008 734 3083 desudasse
750 3015 787 3083 Α,
806 3011 854 3069 κοιλ
870 3007 994 3080 detonso
1007 3014 1082 3084 ΡΠ,
1098 3031 1228 3084 παρακα-

194 3087 307 3150 λοῦντες
320 3087 458 3158 Iosephus.

228 3241 264 3294 At
287 3241 368 3295 Isatis
391 3243 475 3294 irater
497 3239 660 3292 Monobazus
682 3243 710 3292 et
734 3237 855 3306 cognati,
882 3237 1007 3292 Iudaismi
1031 3255 1120 3293 smore
1143 3240 1226 3308 eapti,

124 3327 184 3365 cum
206 3310 364 3364 desiderium
387 3326 461 3362 suum
484 3308 675 3380 explevissent,
697 3308 797 3360 subditi
812 3323 843 3359 re
859 3306 1039 3362 animadversa
1055 3309 1141 3362 Abiae
1157 3310 1226 3360 λιιι-

123 3383 185 3434 bum
207 3380 267 3448 regi
289 3394 339 3449 per
358 3379 463 3431 litteras
481 3395 598 3446 magnam
614 3378 752 3447 pecuniam
769 3375 944 3446 promiserunt
960 3378 983 3430 si
998 3379 1056 3498 repsi
1071 3377 1166 3430 bellum
1182 3378 1226 3428 in·

121 3453 223 3516 ferret,
250 3465 307 3500 eum
331 3465 361 3500 se
384 3463 488 3517 quoque
510 3447 537 3498 in
562 3446 643 3516 primo
666 3463 809 3516 congressu
829 3445 969 3500 relicturos
991 3447 1052 3517 pol'
1070 3446 1110 3498 iti.
1145 3454 1225 3514 paret

122 3520 210 3572 Arabs
234 3525 263 3570 et
283 3534 340 3569 oum
356 3516 456 3586 magnis
474 3517 555 3585 copiis
571 3517 663 3569 Izaten
680 3517 808 3568 adoritur.
842 3515 887 3585 qui
904 3515 1031 3586 inprime
1048 3531 1224 3582 congressos

124 3587 180 3642 suis
203 3603 237 3640 ex
258 3586 400 3654 composito
418 3586 539 3638 desertus
557 3585 641 3654 tergis
657 3584 779 3639 obversis
793 3585 970 3653 fugientibus,
994 3591 1144 3652 magnatum
1161 3600 1224 3652 pro-

124 3655 227 3708 ditione
251 3655 355 3724 cognitu
381 3655 407 3708 in
433 3663 520 3708 castra
543 3655 645 3707 recedit
668 3665 696 3708 et
718 3655 824 3707 sceleris
845 3662 966 3707 auctores
983 3670 1013 3706 su
1032 3653 1111 3722 plicio
1129 3653 1224 3706 afficit.

124 3725 253 3796 postridie
269 3725 369 3776 Arabes
387 3725 471 3776 vincit
488 3725 631 3792 fugatque,
648 3731 677 3776 et
691 3741 780 3795 regem
796 3741 884 3776 eorum
902 3725 929 3775 in
946 3671 1079 3775 castellum
1095 3722 1223 3790 quoddam
1279 3725 1283 3733 '

123 3794 269 3863 compellit:
296 3794 340 3862 qui
358 3810 391 3845 ne
409 3793 435 3845 in
453 3793 566 3846 hostium
583 3811 673 3846 manus
690 3793 810 3859 veniret,
832 3793 891 3864 ipse
908 3791 960 3845 sibi
977 3807 1066 3844 neeem
1082 3791 1223 3844 conscivit.

124 3879 177 3932 quo
194 3861 302 3916 castello
318 3871 395 3932 capto
411 3870 492 3932 atquo
508 3863 612 3932 direpto
629 3863 716 3916 Izates
733 3863 767 3915 ad
784 3878 833 3914 sna
849 3863 938 3915 rediit.

227 3931 366 3985 Caeterum
383 3949 440 3985 cum
458 3931 647 3985 Adiabenorum
667 3941 790 4002 satrapae
807 3949 823 3983 a
839 3933 908 3984 Volo
928 3947 973 3982 ese
985 3927 1141 3981 Parthorum
1158 3945 1223 3996 rege

123 4017 174 4070 per
194 3999 299 4053 litteras
322 4001 461 4070 petiissent
476 4011 507 4054 ut
524 4001 598 4054 laute
613 4000 752 4056 interiecto
769 4001 897 4070 dynasten
909 3950 1063 4051 luititiorum
1078 3997 1128 4050 sibi
1145 4015 1224 4066 prae-

124 4072 218 4123 ficeret
233 4073 282 4138 (se
295 4071 363 4123 enim
375 4069 461 4124 odisse
471 4089 560 4141 regom
570 4088 644 4124 suum
656 4069 820 4142 peregrinam
831 4068 1040 4139 superstitionem
1052 4067 1224 4137 amplexum),

124 4140 236 4193 Parthus
252 4143 341 4194 statim
359 4157 416 4193 oum
432 4141 547 4194 maxitnis
564 4141 647 4211 copiis
665 4141 758 4194 irruit:
776 4139 863 4193 Izates
877 4153 910 4189 ex
924 4135 1035 4190 adverso
1045 4147 1132 4189 castra
1143 4137 1224 4189 locat.

122 4210 149 4262 ei
166 4211 271 4278 quidam
287 4227 303 4262 ε
321 4209 419 4262 Partho
436 4209 529 4263 missus
546 4219 637 4263 narrat
654 4219 768 4279 quantae
784 4209 838 4262 sint
854 4205 1009 4259 Parthorum
1025 4206 1112 4273 sires,
1142 4214 1170 4257 et
1190 4212 1220 4257 ut

121 4279 265 4351 Vologeses
290 4279 426 4334 mhdtetur
448 4297 477 4333 se
500 4297 600 4350 poenos
617 4281 650 4333 ab
668 4297 700 4333 eo
717 4287 871 4332 exacturum
886 4275 983 4344 ingrati
999 4275 1078 4330 animi
1094 4293 1157 4346 erga
1175 4274 1220 4327 do-
