3050 4900
285 304 359 377 176
639 292 811 371 IOANNIS
836 302 1032 369 ZONARAE

283 494 368 585 αδτῷ
392 492 424 561 ἓν
449 483 476 585 ᾧ
499 491 609 558 κατέδυ
626 490 643 558 ὃ
661 494 795 579 σίδηρος.
847 486 864 555 ὃ
882 490 917 556 δέ
933 485 1024 569 ξδλον
1040 486 1145 572 λαβὼν
1161 488 1300 571 ἐνέβαλεν
1316 490 1386 559 Arsi.

281 602 332 667 καὶ
356 597 447 663 ἀνέδυ
470 595 506 662 τὸ
529 591 687 684 σιδήριον,
711 598 763 661 καί
789 591 975 661 ἐπιπολάσαν
1000 592 1108 680 ἔλαβεν
1132 591 1208 659 αδεδ
1232 589 1250 657 ὅ
1273 593 1385 661 ἀπολέ-

280 729 338 781 σας
355 697 441 765 αδτά.
1092 741 1095 745 -

376 800 414 869 ‘0
432 802 466 867 δέ
480 799 604 886 βασιλεδ
608 827 625 880 ς
640 802 756 888 Συρίας
771 800 895 887 ἐνέδραν
910 794 1052 865 ledono
1062 797 1106 863 ‘lv’
1124 798 1177 886 ὶλῃ
1191 797 1244 863 τδν
1254 801 1385 881 βασιλέα

140 914 162 968 Ρ
179 916 192 968 1
210 918 262 973 100
276 907 330 975 τὸν
342 903 474 995 Ἰωράμ.
525 906 677 972 ἀπέστειλε
695 906 729 971 δέ
746 900 762 969 δ
780 898 939 991 προφήτης
949 902 1028 989 πρδς
1040 902 1161 991 Ἰωρὰμ
1173 901 1414 990 φυλάττεσθαιδ

279 1014 364 1101 αὐτῷ
387 1005 596 1093 ἐντελλόμενος
619 1010 671 1074 καί
693 1006 737 1093 ’μή
761 1005 880 1072 ἀπιέναι
897 1006 975 1095 πρὸς
989 1004 1105 1093 θήραν.
1155 1008 1207 1070 καί
1224 1001 1240 1069 ὃ
1257 1008 1314 1089 μέν
1329 1006 1388 1074 οδκ

277 1112 375 1202 ἐξῄει,
392 1113 483 1201 ’Ἀδερ
509 1112 543 1178 δέ
565 1118 621 1195 τῆς
642 1113 807 1194 ίπιβουλῆς
829 1106 976 1199 ἆμαρτολν
999 1110 1070 1187 sodo
1086 1110 1213 1186 οἰκείους
1228 1105 1389 1177 ὑπώπτευε

276 1221 416 1303 γίνεσθαι
432 1213 585 1305 προδότας
601 1222 662 1283 τῶν
677 1214 923 1297 βεβουλευμένων
936 1213 1032 1302 odoni.
1082 1210 1245 1300 φησάντων
1260 1213 1292 1278 δ’
1309 1214 1390 1279 ἐκεί-

276 1347 337 1387 νων
368 1320 423 1387 οὐκ
456 1318 568 1398 αδτοδς
594 1318 673 1384 ἀλλὰ
697 1318 750 1383 τδν
768 1314 935 1405 προφήτην
954 1316 1127 1383 Ἐλισσαίου
1150 1314 1276 1400 μηνύειν
1300 1316 1389 1407 αὐτῷ

275 1424 314 1493 τά
340 1421 500 1512 ἀπόρρητα
507 1470 518 1503 ,
544 1424 658 1490 στέλλει
684 1420 716 1487 έν
739 1421 865 1486 Aaron
888 1417 1064 1508 στράτευμα
1078 1419 1122 1484 ‘lv'
1141 1419 1234 1485 αδτδν
1249 1416 1386 1502 λάβοιεν.
1394 1437 1430 1491 lo

276 1528 350 1595 ίδεδν
377 1529 412 1594 δέ
437 1528 490 1593 τὸν
516 1526 591 1591 λαὸν
615 1524 716 1615 κάκλρι
740 1532 795 1609 τῆς
818 1521 934 1601 πόλεως
950 1521 968 1589 ὃ
983 1530 1038 1590 τοῦ
1055 1520 1216 1610 προφήτου
1233 1522 1387 1605 διάκονος,

275 1631 416 1719 περιδεὴς
449 1630 573 1718 ἄφίκετο
608 1629 686 1717 πρὸς
717 1628 810 1711 αδτδν
837 1628 1032 1713 ἀπαγγέλλων
1056 1627 1091 1692 sd
1117 1633 1254 1713 πρᾶγμα.
1305 1622 1322 1692 ὃ
1350 1628 1389 1694 δέ

271 1731 338 1817 ιῗμδ
366 1734 493 1800 otras?
528 1732 604 1821 έφη,
637 1735 690 1797 καὶ
725 1732 853 1798 έκέτευσε
881 1730 935 1796 τδν
963 1732 1038 1796 θεὸν
1063 1732 1161 1807 δεῖξαι
1183 1735 1229 1817 τῷ
1252 1728 1386 1819 διακόνῳ
1462 1748 1465 1751 ’

276 1838 372 1903 αὐτοῦ
397 1836 481 1915 ὅπως
506 1833 690 1923 φυλάττεται
716 1836 793 1921 παρ’
820 1834 926 1901 astos.
976 1836 1027 1898 καὶ
1052 1834 1180 1900 δέδωκεν
1202 1829 1219 1898 ὁ
1242 1833 1318 1910 θεὸς
1338 1840 1385 1923 τῷ

236 1936 444 2027 Βθεράποντι
468 1946 525 2006 τοῦ
550 1934 712 2027 προφήτου
733 1936 828 2023 χάριν
851 1939 925 2002 traso
949 1936 1043 2002 αδτδν
1067 1934 1185 2029 ἅρμασι
1206 1938 1258 2000 καί
1278 1940 1429 2015 ίπποιςιο

255 2128 258 2136 1
273 2047 410 2130 πυρίνοις
426 2042 659 2127 κεκυκλωμένον.
709 2037 874 2128 ήμαάρωσε
889 2040 924 2106 δέ
937 2036 953 2105 d
968 2037 1129 2127 προφήτης
1140 2036 1386 2128 προσευξάμενος

275 2148 326 2210 καὶ
355 2147 393 2211 τιλ
425 2145 550 2229 δμματα
579 2151 640 2211 τῶν
670 2146 811 2231 έχθρῶν,
836 2145 887 2208 καί
917 2141 1052 2222 έξελθαλν
1081 2142 1158 2230 πρδς
1186 2141 1298 2221 αὐτοὺς
1322 2142 1384 2231 ἔφη

272 2244 495 2315 “ἇκολουθεῖτέ
507 2273 561 2332 μοι
578 2251 630 2313 καὶ
647 2245 737 2315 δώσω
754 2247 807 2313 τὸν
820 2246 992 2341 Ἐλισσαῖον
1003 2242 1109 2329 δμΐν.”
1162 2244 1192 2311 οἱ
1206 2246 1240 2310 δέ
1252 2247 1384 2328 εἵποντο,

275 2353 327 2416 καὶ
349 2350 405 2427 τὰς
426 2348 515 2433 δ’ψεις
529 2351 736 2434 βεβλαμμένοι
753 2354 804 2415 καὶ
820 2351 876 2435 τήν
892 2348 1040 2417 διάνοιαν.
1091 2348 1257 2435 ἀπαγαγὼν
1273 2351 1307 2414 δέ
1323 2352 1382 2416 αδ-

274 2455 346 2531 τοδς
371 2455 413 2532 είς
438 2452 632 2540 Σαμάρειαν,
657 2462 838 2542 περιστῆσαι
862 2454 966 2530 αὐτοῖς
988 2454 1044 2536 τήν
1066 2453 1160 2519 αὐτοῦ
1184 2451 1313 2537 δύναμιν
1335 2462 1429 2544 roim

272 2562 398 2642 βασιλεῖ
418 2559 592 2624 ένετείλατο.
643 2557 694 2622 καλ
718 2555 771 2622 τὸν
792 2554 868 2621 θεὸν
882 2553 948 2642 ᾔτει
965 2561 1197 2644 περιαιρεθῆναι
1213 2556 1268 2640 τήν
1285 2557 1383 2644 exsto

274 2663 307 2727 έκ
337 2667 397 2728 τῶν
427 2658 575 2744 ὀμμάτων
604 2657 715 2727 αὐτῶν.
765 2660 1007 2745 περιαιρεθείαης
1034 2659 1069 2726 δέ
1096 2655 1176 2726 είδον
1198 2656 1326 2738 έαυτοδς
1351 2663 1383 2728 οἱ

274 2760 370 2855 Σδροι
402 2764 496 2850 μέσον
526 2761 830 2854 ἓμπεριειλημμένους
856 2769 917 2828 τῶν
943 2763 1103 2846 πολεμίων.
1149 2762 1321 2843 Ἐλισσαῖος
1346 2767 1382 2831 δέ

345 2961 362 3018 6
380 2957 570 3030 ἐντελλόμενος
585 2960 627 3027 A,
646 2950 841 3026 ίοτελλδμενσν
854 2960 924 3015 PW.
1028 2961 1062 3014 12
1078 2951 1195 3027 άφίκετο
1211 2958 1251 3027 A,
1269 2952 1380 3027 έγένεεο

340 3029 411 3084 PW.
516 3029 549 3083 13
566 3025 664 3081 δέδιθι
680 3029 719 3097 A,
743 3027 847 3082 δέδιθι
864 3031 914 3096 W,
939 3028 1022 3082 doddo
1039 3029 1071 3082 Ρ.
1175 3027 1209 3084 16
1225 3027 1382 3096 προσευξά-

269 3111 273 3122 ’
339 3113 422 3167 μενος
439 3092 455 3151 d
471 3093 620 3166 προφήτης
634 3098 667 3152 A.
769 3099 805 3153 λδ
821 3094 1062 3168 περιειλημμένους
1077 3099 1109 3157 A.

271 3268 415 3322 demersum
438 3271 511 3320 esset
532 3269 640 3322 ferrum.
674 3274 705 3321 at
719 3268 765 3322 ilie
781 3287 839 3322 oum
855 3268 953 3340 lignum
969 3269 1114 3338 iniecisset,
1140 3272 1247 3326 emersit
1261 3273 1378 3326 furans:

270 3337 349 3408 idqns
364 3343 538 3407 supernatant
553 3340 641 3407 'aquae
657 3338 753 3408 recipit
768 3338 791 3392 is
808 3340 855 3409 qui
871 3339 1004 3394 amiserat.
1344 3365 1347 3369 ·

374 3407 440 3459 Cum
461 3424 510 3460 rex
531 3407 629 3476 Syriae
650 3405 974 3480 lominum-israelitarum
990 3427 1080 3478 regem
1094 3427 1144 3479 per
1159 3409 1267 3464 insidias
1284 3416 1378 3480 capta-

268 3481 327 3542 ret,
355 3475 475 3530 Elisaens
499 3478 576 3531 misso
601 3477 692 3530 nuntio
718 3495 775 3530 euna
798 3486 886 3532 monet
908 3487 940 3532 ut
962 3490 1059 3534 caveat
1080 3498 1129 3533 neo
1152 3488 1274 3532 venatum
1297 3497 1378 3548 egre-

268 3545 367 3600 diatur.
403 3553 481 3616 peret
503 3548 556 3600 ille.
591 3546 663 3600 Ader
686 3548 828 3600 frustratus
849 3548 952 3602 insidiis
975 3565 1037 3604 snos
1058 3548 1213 3620 proditionis
1236 3556 1377 3630 suspectos

268 3613 382 3670 haberes
408 3616 446 3670 illi
471 3618 603 3671 affirmare
619 3632 673 3668 non
690 3633 719 3669 se
735 3617 782 3668 sed
798 3618 932 3671 Elisaeunr
949 3619 1103 3690 prophetam
1120 3635 1290 3690 aroanalregs
1306 3634 1376 3669 nun-

268 3684 345 3737 tiare.
380 3685 465 3738 mittit
478 3685 561 3755 igitur
578 3685 720 3739 exereitum
736 3685 857 3741 Dothaim
875 3687 909 3740 ad
925 3689 1078 3760 prophetem
1096 3687 1264 3759 capiendum:
1285 3702 1302 3737 a
1318 3702 1375 3754 quo

243 3753 384 3806 ‘miniter
409 3753 479 3808 iltius
503 3757 593 3808 urben
619 3755 804 3826 oirourndatam
830 3756 938 3825 videns,
965 3755 1121 3827 perterritus
1146 3775 1200 3809 rem
1226 3753 1377 3826 prophetae

267 3823 382 3876 nuntiat.
417 3831 446 3877 at
467 3824 511 3878 ille
532 3825 626 3878 timere
643 3830 732 3890 vetat,
757 3826 881 3879 sedeam
897 3831 957 3880 orat
971 3832 1002 3878 nt
1017 3823 1113 3877 famulo
1130 3825 1290 3879 demonstret
1307 3841 1376 3893 quo-

266 3891 343 3946 modo
359 3892 417 3963 ipse
434 3891 569 3947 divinitus.
578 3893 751 3946 custodiatur.
785 3911 837 3962 quo
854 3896 992 3965 impetrato
1008 3893 1083 3947 videt
1096 3894 1207 3948 famulus
1217 3895 1375 3965 prophetam

160 3975 162 3980 ·
266 3963 389 4016 curribus
411 3967 439 4014 et
462 3964 538 4033 equis
561 3962 646 4031 igneis
670 3963 804 4015 vallatum.
839 3965 884 4032 qui
908 3965 992 4018 denno
1011 3973 1136 4031 precatus
1153 3965 1266 4017 hostium
1282 3963 1374 4017 oculos

263 4031 435 4148 flenti-inxit,
453 4033 530 4086 etad
548 4047 594 4084 eos
611 4048 732 4114 egressas
747 4025 808 4084 “me
824 4027 980 4102 sequimini”
997 4030 1097 4102 inquit,
1112 4027 1161 4087 “et
1177 4032 1278 4088 tradam
1295 4033 1373 4087 vobis

290 4093 427 4154 iisaeunr.”
464 4106 610 4170 sequnntur
633 4100 670 4153 nli
696 4109 724 4152 ot
749 4101 832 4154 oculis
860 4112 887 4154 et
914 4099 1003 4153 animis
1029 4104 1186 4157 oooaeostis.
1220 4119 1287 4171 quos
1313 4119 1373 4154 cnm

263 4166 407 4222 Samariam
424 4169 606 4236 perduxisset,
621 4186 711 4238 regern
728 4169 803 4222 iubet
820 4188 865 4223 eos
882 4169 937 4222 suis
955 4171 1038 4240 copiis
1055 4172 1233 4233 diffundam
1250 4180 1278 4224 et
1293 4171 1373 4224 deum

263 4241 323 4289 orat
340 4243 371 4291 at
386 4237 520 4306 caliginem
536 4239 639 4292 illorum
655 4238 736 4292 oculis
751 4247 893 4292 amoveret.
928 4256 979 4322 qno
996 4241 1067 4295 facto
1084 4241 1151 4308 Syri
1167 4257 1197 4294 se
1213 4240 1240 4292 in
1256 4241 1372 4293 hostiam

262 4301 348 4358 medio
371 4307 472 4357 veram·
495 4306 596 4360 vident.
629 4324 719 4362 verum
740 4307 862 4362 Elisseae
878 4325 1006 4363 nemmem
1024 4328 1069 4366 eos
1084 4310 1188 4364 laedere
1204 4310 1373 4379 patiebatur,
