3050 4900
535 285 781 354 PRAEFATIO·
1150 311 1211 356 uxr

103 473 162 536 ubi
188 473 340 558 palatinas
368 483 418 536 snt
444 449 664 538 ecclesiasticas
691 471 856 558 dignitates
878 473 982 536 minus
1007 486 1211 540 consentanee

103 574 283 638 reddidisse
306 575 474 640 videbatur.
524 577 690 642 Annalibus
705 578 838 664 denique
851 577 1075 642 innotationes
1089 591 1211 644 nostras

105 681 311 758 subiecimus,
333 701 392 740 una
414 701 483 743 cum
497 679 727 766 Disceptatione
743 679 783 744 de
796 680 963 746 Hebdomo
978 693 1009 743 et
1022 682 1139 766 sliquot
1152 680 1211 740 ad-

104 781 288 846 ditamentis
300 781 337 844 ad
351 796 488 846 nostram
503 783 624 870 Gpolirn
638 783 860 862 Christianum,
886 783 926 847 tls
939 783 1049 870 quibus
1062 784 1209 848 omnibus

102 886 199 948 initio
216 885 355 970 cuiusque
367 888 585 950 lucubrationis
600 889 744 950 lectorem
757 908 934 952 monemus.

209 987 307 1050 Breve
332 988 465 1074 denique
488 989 679 1068 Chronicon,
704 992 831 1054 levioris
852 993 932 1052 forte
954 989 1026 1052 licet
1046 989 1208 1069 momenti,

98 1087 231 1154 Ioannis
258 1091 403 1156 Zonaras
431 1093 597 1160 Annalibus
625 1094 820 1173 subiicimus,
857 1091 941 1178 quod
966 1104 1140 1178 temporum
1167 1093 1208 1155 ab

101 1193 223 1268 Adsmo
239 1193 279 1256 sd
293 1195 436 1258 Alexium
450 1195 659 1275 Gomnenum,
681 1217 757 1282 quae
773 1199 826 1260 ills
838 1195 1046 1283 persequitur,
1068 1214 1208 1258 summa-

101 1299 182 1362 rium
204 1296 363 1382 quoddam
386 1299 554 1377 contineat,
580 1298 754 1364 cuiusmodi
775 1301 921 1364 nonnulla
935 1299 996 1364 elia
1010 1299 1208 1362 habenturin

101 1400 259 1464 codicibus
288 1403 503 1489 manuscriptis
531 1403 738 1467 bibliothecae
763 1403 896 1484 Regiae,
936 1421 1014 1488 quse
1040 1413 1148 1464 tomen
1172 1401 1208 1464 in

99 1523 253 1570 annorum
275 1505 518 1570 characterismis
540 1527 601 1570 uon
623 1507 752 1570 omnino
772 1507 884 1591 ubique
903 1527 973 1570 cum
986 1527 1026 1568 eo
1039 1501 1123 1589 quod
1137 1501 1208 1566 edi-

98 1627 172 1670 mus
199 1609 403 1686 conveniunt,
430 1609 668 1695 exscriptorum,
696 1621 730 1671 ut
757 1611 920 1687 existimo,
946 1609 1050 1696 poliam
1078 1607 1207 1684 incuris,

99 1731 195 1795 quam
217 1732 324 1774 eorum
343 1729 362 1772 a
384 1713 494 1796 quibus
513 1725 582 1776 sunt
601 1716 748 1778 conlecta.
798 1725 833 1776 ut
850 1725 955 1776 tamen
973 1711 1102 1776 caeteris
1119 1707 1208 1773 istud

95 1815 303 1898 prselerrem,
331 1815 404 1878 iecit
429 1817 485 1878 riri
506 1817 538 1878 in
559 1817 783 1897 chronologicis
803 1828 835 1878 ut
857 1817 940 1880 erin
959 1815 1090 1878 cacteris
1111 1810 1208 1875 disci·

95 1917 192 2000 plinis
213 1917 419 1982 versatissimi
437 1917 584 2001 Dionysii
603 1919 725 1984 Petavii
745 1918 928 1994 auctoritas,
954 1937 975 1978 a
992 1937 1055 1998 quo
1071 1911 1211 1996 primum

96 2017 218 2082 editum
233 2031 281 2084 est
293 2041 362 2084 cum
376 2021 542 2108 Nicephori
554 2022 749 2086 Patriarclrae
763 2021 921 2106 Cpolitani
931 2013 1093 2077 Breviorio
1105 2012 1207 2076 histo-

95 2122 179 2184 rico:
204 2121 288 2208 quod
312 2145 382 2188 cum
404 2126 437 2187 in
457 2125 557 2204 Regia
576 2124 713 2188 editione
729 2121 874 2186 eiusdem
886 2116 1040 2202 scriptoris
1053 2115 1204 2180 omissum

94 2225 207 2304 luerit,
234 2227 284 2288 hic
299 2247 420 2290 rursum
433 2247 608 2312 proponere
620 2227 727 2288 visum
740 2233 803 2300 est,
830 2233 892 2284 tum
905 2219 1055 2296 maxime,
1080 2229 1115 2280 ut
1128 2221 1203 2282 utti-

93 2329 224 2407 gimus,
259 2326 342 2412 quod
367 2325 499 2394 eosdem
524 2347 601 2411 quos
628 2325 768 2388 Zonaras
794 2345 892 2386 moos
917 2322 1150 2410 complectatur,
1181 2341 1203 2386 ι

94 2426 220 2493 mundo
235 2431 352 2493 scilicet
365 2426 486 2493 condito
500 2448 596 2513 usque
610 2425 649 2491 ad
666 2425 799 2493 eundem
811 2426 964 2492 diarium.

202 2530 265 2596 Sed
281 2533 458 2618 priusquam
471 2532 541 2593 huic
553 2533 738 2617 praelationi
751 2533 823 2597 linis
836 2532 1030 2618 imponatur,
1053 2538 1201 2615 praestat,

97 2633 181 2720 quod
199 2656 290 2721 supra
305 2655 412 2697 sumus
426 2635 569 2720 polliciti,
595 2636 727 2699 aliorum
739 2634 881 2697 Zousrue
896 2653 1044 2719 operum,
1068 2652 1202 2715 quorum

96 2738 250 2802 memoria
264 2736 303 2801 ad
317 2758 375 2800 nos
389 2740 544 2823 pervenit,
560 2736 696 2799 indicem
711 2739 877 2815 subiicere,
893 2748 926 2799 ut
937 2738 990 2800 vel
1002 2731 1092 2813 inde,
1107 2752 1202 2816 quam

98 2842 261 2921 singularis
273 2841 366 2903 fuerit
378 2842 438 2904 viri
451 2839 582 2903 eruditio
598 2861 631 2903 ac
644 2840 760 2928 pietus,
776 2842 871 2901 lector
881 2847 1071 2921 assequatur.
1109 2844 1201 2917 atque

98 2956 133 3007 ut
152 2946 190 3009 ab
211 2944 304 3009 editis
322 2956 460 3007 sumatur
475 2943 615 3021 initium,
641 2943 771 3005 occurrit
782 2940 938 3027 inprimis
953 2936 1199 3003 Commentarius

98 3048 133 3109 in
154 3068 286 3111 canones
307 3048 518 3134 apostolorum
535 3058 565 3109 et
579 3046 778 3109 conciliorum
791 3035 826 3126 1)
849 3054 881 3107 ct
895 3044 927 3105 in
942 3040 1089 3130 epistolas
1104 3059 1198 3104 ιοιιο·

99 3150 184 3212 nicos
198 3142 252 3231 ²),
278 3153 364 3213 cuius
389 3150 492 3213 titulus
516 3150 559 3213 ita
584 3149 751 3235 coneipitur
773 3148 806 3211 in
829 3143 985 3211 codicibus
1004 3163 1070 3207 mss
1088 3142 1199 3223 Regiis

95 3249 252 3335 Ἰξήγησις
268 3258 329 3319 τῶν
349 3252 436 3339 ἱερῶν
452 3254 502 3317 καὶ
518 3252 612 3317 θείων
628 3248 762 3317 κανόνων
777 3256 839 3314 τῶν
854 3274 888 3314 τε
904 3244 997 3333 ἆγίων
1012 3248 1062 3310 καὶ
1079 3249 1197 3311 camur

98 3353 274 3420 ἀποστόλων
296 3358 346 3421 καί
370 3360 431 3420 τῶν
455 3354 543 3440 ἱερῶν
566 3356 778 3437 οίκοομινινῶν
794 3349 951 3429 noviduno,
974 3348 1052 3413 ἀλλὰ
1067 3349 1129 3432 μὴν
1145 3346 1197 3410 καί

99 3464 160 3523 τῶν
183 3462 293 3523 λοιπῶν
310 3456 403 3543 ἁγίων
421 3458 574 3544 ποτέρων,
599 3464 771 3541 cornicines
783 3454 906 3540 Ἰωάννῃ
922 3458 1049 3540 pocomi
1062 3456 1106 3537 τῷ
1124 3451 1196 3511 Ζω-

100 3566 178 3650 νορᾷ
200 3568 243 3649 τῷ
264 3560 397 3649 γεγονότι
419 3558 540 3648 μεγάλῳ
563 3562 753 3647 δρουγγαρίῳ
776 3564 831 3641 τῆς
852 3558 958 3640 βίγιος
980 3557 1031 3621 καί
1053 3572 1196 3635 apostos-

99 3670 248 3749 οηκρῆτις.
296 3668 329 3728 in
349 3664 440 3727 istius
457 3684 550 3749 porco
564 3666 668 3749 operis
680 3663 870 3748 praelatione
882 3659 958 3723 illud
972 3682 1006 3723 se
1018 3672 1195 3734 aggressum

99 3770 143 3830 ait
163 3788 224 3831 non
244 3782 356 3855 sponte
375 3764 432 3831 sed
452 3766 576 3829 alterius
592 3784 756 3853 persuasu,
782 3762 935 3828 lllenuelis
947 3767 1028 3826 lorte
1042 3754 1195 3823 Comneui

100 3870 188 3957 imp,
214 3884 248 3935 ut
267 3874 349 3937 inira
368 3869 521 3935 dicemus:
546 3864 591 3950 μή
615 3892 660 3943 τις
682 3866 717 3933 <ll
737 3892 793 3950 μοι
813 3865 975 3949 καταγνοίη
998 3858 1192 3945 προπέτειαν·

8 4060 9 4063 ¹
101 3972 134 4035 οό
162 3973 222 4060 γὰρ
252 3972 313 4060 ἀφ’
341 3970 450 4049 ἑαυτοῦ
473 3976 517 4062 τῷ
539 3968 690 4055 πονήμτιτι
713 3972 854 4056 ἐγχειρῶ,
879 3966 958 4058 oillei
982 3964 1191 4049 παρακληθείς

162 4172 198 4238 1)
229 4170 296 4310 γετό.
314 4168 399 4226 Paris.
415 4168 484 4224 1618
500 4167 546 4221 iol.
563 4172 592 4220 sl
608 4168 636 4220 in
655 4164 794 4235 Besnegs'i
808 4158 946 4219 Psndectis
963 4130 1124 4228 ernanum]

158 4242 193 4310 2)
248 4240 291 4295 ed.
308 4238 342 4291 ad
359 4239 454 4291 calcem
474 4237 598 4307 Gregorii
617 4234 836 4304 manaturgt,
859 4228 945 4286 Peru.
962 4228 1030 4286 1621
1047 4230 1095 4284 iol.
1116 4235 1145 4283 el
1162 4228 1190 4279 in

99 4310 228 4383 &eregii
244 4306 388 4365 Paudeotis
403 4307 564 4375 cononum]
917 4334 921 4339 ι
