3050 4900
516 307 762 388 mirano.
1118 345 1190 390 auu

91 507 202 598 positis
220 503 354 574 subinde
373 505 495 572 coronis
511 507 665 600 publicam
682 507 846 572 utilitatem
860 507 922 572 sibi
932 505 1105 574 iuvandam
1115 533 1190 598 pro·

90 625 224 702 ponunt,
251 623 286 676 et
305 609 404 676 llusis
425 631 489 674 uon
510 631 633 698 semper
652 611 823 700 opulentis,
847 612 947 678 immo
969 632 1121 701 persaepe
1141 615 1192 678 iu-

91 717 220 803 opibus,
245 734 371 778 manum
384 713 463 776 utro
477 714 645 798 porrigunt.
694 715 892 800 nequeenim
906 716 995 778 lateri
1009 713 1194 798 dedignatur

89 819 227 905 ipsemet
243 817 397 895 Wolfins,
423 813 571 902 quidquid
595 816 741 880 hactenus
760 814 915 897 ediderat,
940 815 976 882 id
997 821 1049 884 vel
1071 820 1193 907 publica

89 922 223 984 utilitato
239 922 290 984 cel
309 920 500 1006 temporibus
518 919 583 983 suis
596 917 761 984 adductum
775 921 903 1000 fecisse,
927 941 986 984 nec
997 933 1064 986 tam
1074 925 1193 986 lamam

90 1035 231 1111 captasse
250 1043 344 1108 quam
363 1025 482 1084 lamam
497 1022 626 1086 vitasse.
676 1021 731 1088 scd
746 1014 1000 1106 ethlauder¹)
1021 1018 1118 1089 “mo''
1141 1026 1193 1088 iu-

90 1127 172 1212 quit,
189 1120 341 1210 “ne'quid
356 1123 564 1205 dissimulem,
577 1137 757 1213 paupertas,
771 1138 805 1189 ut
815 1127 868 1190 ille
882 1128 942 1206 ait,
956 1127 1079 1214 impulit
1090 1125 1194 1191 audax

90 1240 124 1291 ut
140 1229 239 1293 libros
259 1225 429 1292 lacerem.’'
482 1249 572 1314 quem
593 1227 720 1316 quidem
738 1227 892 1294 dicentem
910 1230 1069 1318 audivisse
1089 1231 1194 1294 scribit

90 1328 224 1395 loannes
245 1331 450 1395 Leunclavius
463 1320 519 1412 ²),
543 1332 785 1398 lucubrationem
805 1332 956 1400 Dioniam
977 1343 1011 1396 et
1030 1333 1108 1398 alias
1128 1355 1193 1398 nou

91 1437 215 1498 alama
236 1433 292 1500 sed
315 1437 399 1498 lame
421 1434 482 1496 sibi
503 1434 618 1521 pariter
639 1445 777 1500 extortas
796 1457 831 1498 ac
850 1437 1066 1523 praecipitatas
1085 1437 1193 1502 iuisse.

89 1558 185 1623 neque
207 1549 388 1602 nostrorum
407 1539 598 1602 saeculorum
614 1539 712 1602 istaec
731 1551 779 1603 est
797 1537 945 1603 duntaxat
962 1541 1102 1626 querela,
1122 1559 1194 1602 cum

89 1641 229 1721 legamus
250 1632 286 1722 ³)
313 1639 456 1705 Plautum
482 1652 607 1728 propter
632 1662 774 1708 annosae
800 1641 1012 1707 difficultatem
1033 1640 1074 1706 ad
1093 1644 1195 1707 molas

88 1743 268 1808 manuarias
294 1745 443 1830 pistorem
470 1763 504 1806 se
527 1746 664 1825 locasse,
688 1746 794 1832 ibique
817 1747 939 1831 quoties
958 1749 998 1809 ab
1019 1766 1113 1834 opere
1136 1762 1196 1810 aa·

90 1858 204 1928 cassat,
240 1849 373 1910 seribere
393 1847 513 1910 fabulas
534 1849 660 1912 solitum
682 1860 713 1911 et
732 1846 885 1913 vendere:
918 1847 1080 1934 quomodo
1103 1846 1199 1908 etiam

89 1949 260 2016 Paorvium
279 1947 510 2014 Brundusinam
526 1949 754 2031 tragoediarum
769 1951 950 2038 scriptorem
962 1947 1088 2010 Romae
1098 1945 1199 2032 pictu-

89 2073 152 2118 ram
164 2053 346 2117 excrcuisse
359 2073 394 2115 ac
407 2055 528 2117 fabulas
540 2051 720 2118 vendidisse
732 2058 847 2116 lerunt.
886 2047 944 2112 sed
956 2057 987 2109 et
996 2047 1196 2127 Lactantinm,

90 2158 189 2220 tirum
213 2156 356 2220 omnium
378 2178 434 2220 suo
456 2167 597 2241 tempore
617 2153 880 2228 eruditissimum,
906 2147 983 2213 adeo
1001 2151 1034 2214 iu
1054 2151 1112 2213 hac
1130 2153 1196 2216 vita

89 2279 262 2345 pauperem
289 2259 404 2336 luisse,
437 2268 473 2317 ut
500 2257 682 2341 plerumque
707 2253 802 2318 etiam
823 2252 1002 2316 necessariis
1021 2251 1196 2337 indiguerit,

90 2362 199 2424 scribit
218 2359 384 2422 Eusebius.
435 2357 569 2420 inlausta
590 2355 713 2418 omuino
733 2356 933 2422 litteratorum
954 2354 1114 2436 condicio,
1142 2355 1197 2441 qui

91 2486 124 2527 ne
151 2482 276 2550 panem
304 2455 510 2537 emendicent,
543 2458 637 2521 libros
663 2458 810 2523 conficere
836 2471 993 2541 coguntur.
1044 2460 1196 2525 debemus

92 2567 180 2647 igitur
200 2562 373 2626 illustribus
391 2560 416 2625 F
419 2560 553 2641 aggeris,
580 2558 663 2645 quod
682 2561 808 2626 illorum
827 2580 898 2625 cura
918 2574 950 2625 et
969 2565 1143 2650 sumptibus
1162 2562 1196 2625 iu

93 2669 248 2755 publicum
262 2662 432 2752 prodierint
444 2661 571 2726 loannis
584 2663 745 2744 Zonaras,
763 2663 891 2745 Georgii
905 2662 1054 2745 cedreni,
1069 2666 1198 2730 Nicetes

22 2768 24 2787 '¹
95 2769 267 2835 icominati
293 2779 326 2830 et
352 2766 519 2851 Nicephori
545 2764 700 2846 Gregorao
727 2767 894 2848 historiae,
929 2778 961 2830 et
987 2765 1072 2853 quod
1096 2785 1200 2829 rerum

24 2882 26 2965 t
96 2870 339 2954 byzantinorum
370 2868 455 2933 bisce
483 2866 671 2933 editionibus
697 2880 823 2950 gustum
848 2870 943 2954 primi
969 2866 1199 2952 quodammodo

25 2998 26 3009 ι
98 2974 271 3061 inspirarint
292 2974 460 3037 litterarum
481 2969 641 3036 studiosis.
691 2969 748 3038 sed
769 2993 833 3035 uon
852 2972 957 3035 minus
978 2972 1122 3035 obstricta
1141 2972 1200 3037 crit

101 3076 211 3141 erudita
240 3076 405 3164 posteritas
430 3073 553 3155 Regum
577 3087 753 3139 nostrorum
778 3074 1023 3152 munificentiae,
1055 3076 1109 3159 qui
1133 3097 1199 3139 noo

101 3180 240 3247 hactenus
261 3176 358 3245 modo
379 3178 548 3265 publicatos
566 3178 788 3263 imperatorum
803 3175 1036 3263 Gpolitauorum
1049 3177 1199 3243 historiae

29 3336 30 3345 ,
103 3284 275 3371 scriptores,
302 3277 360 3346 sad
380 3292 410 3345 et
430 3300 532 3345 nouos
552 3300 587 3343 ac
607 3302 624 3343 o
644 3280 861 3367 manuscriptis
875 3278 1031 3345 codicibus
1045 3301 1087 3343 ex
1098 3280 1200 3361 Regia

103 3404 135 3447 ac
168 3387 308 3473 locupleti
341 3405 468 3469 prorsus
493 3383 678 3447 bibliotheca
704 3382 905 3469 depromptos
929 3382 1094 3463 magnilica
1118 3379 1200 3443 adeo

31 3476 32 3507 ¹
105 3498 187 3573 atque
212 3486 375 3577 splendido
401 3498 547 3575 apparatu
570 3486 621 3551 edi
643 3486 783 3573 quotidie
803 3487 926 3562 volunt,
950 3486 1028 3551 viris
1048 3484 1149 3552 doctis
1167 3493 1201 3545 ut

32 3572 33 3585 ¹
105 3590 135 3651 in
157 3590 239 3657 idem
266 3590 431 3655 consilium
457 3608 518 3649 ona
547 3592 738 3677 conspirent,
772 3610 888 3674 suaque
909 3590 1068 3654 conterant
1087 3580 1199 3665 studia,

107 3689 195 3773 Regia
215 3694 426 3782 praemiorum
446 3689 589 3753 mercede
610 3693 748 3757 inritatis
770 3711 806 3753 ac
824 3689 944 3756 illectis.

197 3796 367 3861 Enimvero
395 3806 428 3857 ut
457 3793 596 3857 Wollius
623 3794 655 3857 in
682 3784 839 3858 vertendis
865 3794 1008 3857 Zonaras
1032 3786 1200 3853 Annalibus

111 3912 235 3965 versatus
263 3899 371 3977 luerit,
403 3918 540 3983 quaeque
565 3897 738 3965 observarit
761 3908 876 3983 quotve
899 3891 1057 3961 codicibus
1079 3893 1200 3981 scriptis

115 4062 305 4083 *flu—urn-

170 4162 206 4283 ὲ)
238 4164 267 4247 in
284 4159 419 4283 pracptad
431 4160 517 4282 guipp.

172 4232 207 4367 sl
238 4247 348 4356 iulii?
358 4246 456 4355 ri'cir.
472 4244 584 4355 aiiii·

149 4400 266 4465 Zooucoc
286 4406 414 4464 Annales·
483 4421 486 4429 ’
