3050 4900
309 305 370 354 ivr
548 235 553 308 ἶ
733 283 964 352 mnemon

310 493 382 537 cum
401 471 500 560 ipsius
519 473 661 539 Zunsrss
679 467 831 538 divisioni
849 470 1001 538 eontrsris
1019 470 1077 550 sit,
1100 473 1198 548 sotius
1210 434 1356 544 dminus
1368 497 1411 545 ex

309 579 447 642 virorum
468 575 658 639 eruditorum
678 577 810 639 consilio
829 577 1010 640 universum
1028 576 1089 640 boc
1105 576 1270 645 Annalium
1282 601 1362 667 opus
1375 583 1410 646 iu

306 681 402 745 libros
420 682 459 744 18
472 681 594 767 partiri,
620 679 716 742 libros
729 681 806 744 iero
819 679 853 742 in
868 680 1031 758 medones,

466 825 469 832 '
515 837 619 874 sumere
636 837 670 874 ne
685 819 769 874 lector
783 819 847 889 iuge
863 825 976 891 pereret
991 835 1069 891 opus·

308 921 381 964 num
400 911 435 964 ut

513 992 654 1048 interulis
669 991 731 1046 vise
745 988 825 1046 sessis
841 999 977 1060 prsestsre
991 990 1098 1046 videtur

548 1079 596 1150 qui
612 1083 689 1132 notet
703 1077 846 1148 inscriptus
861 1078 935 1132 nilis
949 1078 1045 1132 erebrs
1059 1077 1129 1149 lupis
1147 1079 1190 1147 ¹),

305 1205 351 1269 its
371 1205 519 1271 librorum
539 1204 710 1271 divisiones
732 1227 751 1268 u
772 1207 918 1271 continue
935 1207 1076 1270 lectionis
1091 1204 1273 1272 sssiduitste
1285 1207 1409 1272 lectoris

306 1311 445 1372 animum
459 1311 612 1391 relaxent,
635 1331 705 1372 cum
718 1311 812 1374 habet
825 1311 878 1374 ubi
890 1312 985 1392 longo
999 1311 1088 1396 quusi
1100 1311 1211 1374 itinere
1222 1309 1409 1391 defatigatus

54 1491 59 1501 ὗ
176 1497 186 1511 ν
305 1413 471 1494 consistut3
503 1411 687 1501 praesertim
712 1413 809 1477 etium
833 1435 904 1476 cum
928 1415 1008 1478 nibil
1028 1415 1147 1477 auctori
1168 1411 1331 1478 detrabunt
1350 1423 1409 1477 nso

304 1515 481 1602 scriptionis
504 1519 617 1580 seriem
637 1517 830 1603 abrumpunt.
880 1515 962 1582 sdde
980 1515 1110 1602 quodid
1124 1517 1297 1604 pertitious‘s
1310 1537 1409 1596 genus

304 1615 345 1679 sd
372 1621 456 1684 locos
483 1639 525 1683 ex
550 1619 748 1707 scriptoribus
774 1615 915 1684 laudatos
934 1621 1039 1685 stetim
1058 1619 1259 1706 reperiendus
1277 1622 1410 1684 multum

159 1717 166 1734 '
304 1720 472 1786 conducet:
498 1721 580 1786 unde
599 1721 759 1787 inductum
779 1720 855 1786 illud
867 1726 933 1787 lere
945 1725 987 1786 ub
1001 1721 1219 1787 eruditioribus
1232 1724 1265 1786 iu
1280 1724 1410 1808 quibus-

216 1842 222 1853 ·
303 1825 355 1888 vis
375 1816 620 1912 exemplaribus,
646 1847 725 1912 quus
746 1826 890 1890 continue
903 1826 984 1889 serie
997 1825 1115 1910 ubsque
1126 1827 1214 1888 libris
1227 1812 1410 1909 selebsque

303 1928 454 2014 capitibus
469 1925 689 1992 deseribuntur.
738 1926 823 2013 quod
835 1927 963 2014 quidem
973 1929 1018 1991 it'u
1029 1929 1064 1990 in
1074 1928 1196 1990 Zunsrs
1208 1929 1409 2007 conferimus,

303 2038 338 2089 ut
358 2030 486 2092 ultorem
499 2045 620 2117 purtem
632 2031 829 2100 Wollisnsm
842 2053 862 2094 s
875 2035 897 2094 7
904 2079 913 2111 ‚
938 2032 1062 2094 tertiam
1074 2051 1149 2094 vero
1163 2049 1183 2091 e
1197 2031 1238 2094 13
1252 2032 1347 2107 libro,
1374 2042 1410 2093 ut

300 2142 421 2218 purtem
443 2131 609 2196 Annalium
627 2137 755 2199 ultorum
776 2133 945 2200 secundum
958 2133 1092 2198 auctoris
1102 2141 1260 2222 seoeptsns
1274 2131 1411 2198 divisio-

300 2251 375 2295 nem
388 2253 408 2294 s
421 2233 500 2296 libro
518 2236 558 2297 10
571 2237 775 2318 suspicemur.

400 2331 470 2399 Ism
489 2354 565 2399 vero
586 2332 661 2420 quid
676 2335 834 2403 Wullium
846 2339 1002 2422 impulerit
1015 2351 1049 2402 ut
1063 2335 1103 2403 ad
1116 2340 1261 2418 Zossrse
1270 2337 1409 2401 Anulus

300 2437 334 2503 iu
354 2438 498 2502 Latinum
516 2437 653 2519 linguam
670 2435 897 2503 convertendos
909 2459 979 2503 sese
992 2441 1173 2519 accinxerit,
1198 2439 1335 2524 pluribus
1349 2438 1412 2505 de·

301 2526 395 2605 cls'rst
412 2543 482 2629 ipse
501 2542 534 2604 in
552 2530 762 2620 praefatione,
789 2561 884 2626 quum
897 2552 1022 2605 nostrus
1035 2542 1085 2603 bic
1097 2542 1291 2620 subiioimus‚
1313 2552 1410 2626 atque

300 2646 397 2709 etism
410 2645 443 2708 in
458 2645 519 2707 slis
533 2643 750 2732 sticepbori
759 2642 915 2725 Gregorse
924 2645 1127 2707 Historismu
1143 2663 1177 2706 se
1189 2645 1305 2731 puriter
1313 2644 1409 2709 tuto

301 2746 467 2828 donatum,
493 2768 603 2834 quum,
629 2759 664 2810 ut
678 2759 709 2811 st
722 2747 882 2827 zonarae,
905 2746 1041 2810 Antonio
1055 2746 1196 2827 Fuggero
1213 2748 1312 2812 nubili
1322 2744 1410 2812 Ger·

299 2870 395 2915 muno
420 2850 544 2916 dicerit.
592 2852 627 2915 in
647 2870 706 2935 qus
726 2862 884 2936 postrems
904 2850 948 2911 sie
969 2850 1104 2935 loquitur
1122 2845 1246 2913 ff‘tsteos
1259 2847 1410 2936 equidem

300 2951 342 3015 sd
368 2952 526 3017 Zonarsm
552 2952 794 3017 convertendum
819 2952 964 3040 praemiis
990 2971 1011 3013 s
1036 2964 1068 3016 te
1091 2953 1275 3040 propositis,
1304 2972 1410 3038 eoque

300 3066 440 3141 tempure
458 3055 710 3142 peropportunis,
735 3055 826 3121 initio
840 3056 1008 3119 excitatum
1019 3076 1071 3119 me
1083 3057 1180 3119 luisse
1190 3056 1296 3143 potius
1309 3076 1409 3141 quum

299 3170 424 3246 msspte
443 3160 603 3225 volumtate
622 3158 805 3223 euomuisse:
830 3180 895 3223 non
913 3169 980 3221 tum
993 3159 1134 3223 tuborum
1147 3170 1179 3222 et
1191 3158 1410 3225 molentium

299 3264 390 3343 lugu,
415 3261 526 3346 quibus
549 3262 593 3323 its
614 3273 681 3325 tum
702 3282 824 3348 quoque
844 3281 1043 3327 sssueversm
1061 3271 1096 3325 ut
1113 3262 1229 3342 ignavo
1244 3262 1311 3325 otio
1323 3262 1410 3329 nibil

300 3364 380 3428 mibi
399 3374 483 3427 esset
501 3366 679 3445 molestius,
705 3384 799 3450 quum
818 3364 948 3452 psisstis
967 3366 1047 3428 meis
1061 3363 1188 3444 studiis,
1214 3362 1331 3449 siquid
1345 3363 1409 3427 ds·

301 3479 384 3531 retur
406 3468 475 3545 otii,
503 3466 640 3547 fruendi,
666 3480 698 3531 et
720 3466 896 3532 diuturnum
919 3468 1008 3553 qussi
1030 3468 1116 3531 sitim
1137 3467 1243 3533 verise
1258 3467 1407 3533 lectionis

301 3566 510 3651 restinguendi
527 3568 728 3657 cupiditstte.'²
782 3591 853 3634 eum
871 3592 949 3635 sero
970 3570 1010 3634 de
1026 3570 1053 3637 F
1055 3588 1236 3652 uggesurum
1243 3568 1408 3637 nobilium

300 3673 415 3752 insigni
435 3673 615 3737 liberstitste
635 3692 671 3735 so
690 3674 901 3737 munificentie
913 3675 947 3736 in
961 3670 1104 3738 eruendis
1118 3673 1157 3733 ub
1170 3669 1299 3733 interitu
1308 3672 1407 3739 bonis

300 3772 387 3837 libris
412 3774 498 3839 idem
523 3778 588 3839 fere
612 3773 769 3863 praedicet
789 3774 971 3841 Guilletmus
990 3772 1168 3857 thsnder,
1184 3774 1407 3859 praemiisque

300 3876 419 3941 illectos
443 3879 482 3941 sb
504 3880 544 3943 iis
565 3898 638 3942 suue
657 3880 768 3943 sentis
787 3880 875 3945 risos
895 3876 1032 3941 eruditos
1050 3888 1180 3939 testetur
1195 3877 1250 3960 qui
1262 3874 1406 3945 Gneeos

301 3982 463 4068 scriptores
484 3982 594 4045 Lutins
613 3976 686 4063 loge
706 3980 857 4047 donarent
873 3978 1007 4043 neudum
1025 3978 1143 4059 editos,
1164 3977 1302 4045 relinde
1315 3974 1407 4067 putes

298 4096 428 4170 quantas
451 4081 561 4149 debeat
582 4087 694 4167 grstiss
714 4108 766 4151 res
784 4084 1019 4153 tuemieviris
1033 4084 1236 4175 principibus,
1258 4083 1312 4168 qui
1325 4104 1408 4171 pro-

302 4222 506 4235 *-

307 4344 313 4357 ,
367 4296 405 4365 ι)
437 4291 781 4354 natumiuniores
