<?xml version="1.0" encoding="UTF-8"?>
<!DOCTYPE html PUBLIC "-//W3C//DTD XHTML 1.0 Transitional//EN"
    "http://www.w3.org/TR/xhtml1/DTD/xhtml1-transitional.dtd">
<html xmlns="http://www.w3.org/1999/xhtml" xml:lang="en" lang="en">
 <head>
  <title>
</title>
<meta http-equiv="Content-Type" content="text/html;charset=utf-8" />
  <meta name='ocr-system' content='tesseract 3.04.00' />
  <meta name='ocr-capabilities' content='ocr_page ocr_carea ocr_par ocr_line ocrx_word'/>
</head>
<body>
  <div class='ocr_page' id='page_1' title='image "./corpusscriptoru62theogoog/corpusscriptoru62theogoog_0589.png"; bbox 0 0 3050 4900; ppageno 0'>
   <div class='ocr_carea' id='block_1_1' title="bbox 523 279 1358 370">
    <p class='ocr_par' dir='ltr' id='par_1_1' title="bbox 523 279 1358 370">
     <span class='ocr_line' id='line_1_1' title="bbox 523 279 1358 370; baseline 0.014 -10"><span class='ocrx_word' id='word_1_1' title='bbox 523 291 738 362; x_wconf 79' lang='lat' dir='ltr'>sanatum</span> <span class='ocrx_word' id='word_1_2' title='bbox 761 294 812 363; x_wconf 82' lang='lat' dir='ltr'>vr</span> <span class='ocrx_word' id='word_1_3' title='bbox 836 298 889 365; x_wconf 83' lang='grc' dir='ltr'><strong><em>ιο.</em></strong></span> <span class='ocrx_word' id='word_1_4' title='bbox 1179 297 1258 370; x_wconf 82' lang='grc' dir='ltr'><strong><em>τοο</em></strong></span> <span class='ocrx_word' id='word_1_5' title='bbox 1351 279 1358 289; x_wconf 67' lang='lat'>‘</span> 
     </span>
    </p>
   </div>
   <div class='ocr_carea' id='block_1_2' title="bbox 98 478 1396 2731">
    <p class='ocr_par' dir='ltr' id='par_1_2' title="bbox 150 478 1255 675">
     <span class='ocr_line' id='line_1_2' title="bbox 151 478 1255 567; baseline 0.007 -18"><span class='ocrx_word' id='word_1_6' title='bbox 151 478 257 566; x_wconf 78' lang='grc' dir='ltr'><strong><em>φόβον</em></strong></span> <span class='ocrx_word' id='word_1_7' title='bbox 290 478 427 547; x_wconf 69' lang='grc' dir='ltr'><strong><em>ἐνέπεσον</em></strong></span> <span class='ocrx_word' id='word_1_8' title='bbox 453 480 498 567; x_wconf 74' lang='grc' dir='ltr'>μὴ</span> <span class='ocrx_word' id='word_1_9' title='bbox 528 486 579 549; x_wconf 75' lang='grc' dir='ltr'>καὶ</span> <span class='ocrx_word' id='word_1_10' title='bbox 608 480 625 550; x_wconf 84' lang='grc' dir='ltr'><strong>ὅ</strong></span> <span class='ocrx_word' id='word_1_11' title='bbox 653 484 798 567; x_wconf 73' lang='grc' dir='ltr'><strong><em>βασιλεὺς</em></strong></span> <span class='ocrx_word' id='word_1_12' title='bbox 823 486 874 550; x_wconf 77' lang='grc' dir='ltr'>καὶ</span> <span class='ocrx_word' id='word_1_13' title='bbox 900 484 987 552; x_wconf 79' lang='grc' dir='ltr'><strong><em>αιἰτολ</em></strong></span> <span class='ocrx_word' id='word_1_14' title='bbox 1013 482 1255 557; x_wconf 71' lang='grc' dir='ltr'>κινδυνεύσωσιν.</span> 
     </span>
     <span class='ocr_line' id='line_1_3' title="bbox 150 582 1061 675; baseline 0.007 -26"><span class='ocrx_word' id='word_1_15' title='bbox 150 583 167 650; x_wconf 77' lang='grc' dir='ltr'><em>ὃ</em></span> <span class='ocrx_word' id='word_1_16' title='bbox 188 587 223 650; x_wconf 80' lang='grc' dir='ltr'>δὲ</span> <span class='ocrx_word' id='word_1_17' title='bbox 243 584 316 661; x_wconf 80' lang='grc' dir='ltr'><strong><em>θεὸς</em></strong></span> <span class='ocrx_word' id='word_1_18' title='bbox 331 584 384 650; x_wconf 81' lang='grc' dir='ltr'>τὸν</span> <span class='ocrx_word' id='word_1_19' title='bbox 400 582 498 673; x_wconf 81' lang='grc' dir='ltr'><strong><em>φόβον</em></strong></span> <span class='ocrx_word' id='word_1_20' title='bbox 514 587 615 653; x_wconf 73' lang='grc' dir='ltr'><strong><em>ἐλθεῖν</em></strong></span> <span class='ocrx_word' id='word_1_21' title='bbox 633 592 675 666; x_wconf 77' lang='grc' dir='ltr'><strong><em>εἰς</em></strong></span> <span class='ocrx_word' id='word_1_22' title='bbox 690 591 776 666; x_wconf 74' lang='grc' dir='ltr'><strong><em>τέλος</em></strong></span> <span class='ocrx_word' id='word_1_23' title='bbox 792 588 829 655; x_wconf 76' lang='grc' dir='ltr'>οὗ</span> <span class='ocrx_word' id='word_1_24' title='bbox 845 585 1061 675; x_wconf 77' lang='grc' dir='ltr'>συνεχώρησεν.</span> 
     </span>
    </p>

    <p class='ocr_par' dir='ltr' id='par_1_3' title="bbox 252 684 1254 779">
     <span class='ocr_line' id='line_1_4' title="bbox 252 684 1254 779; baseline 0.006 -28"><span class='ocrx_word' id='word_1_25' title='bbox 252 684 355 771; x_wconf 70' lang='grc' dir='ltr'><strong><em>Ἑλένη</em></strong></span> <span class='ocrx_word' id='word_1_26' title='bbox 381 689 413 753; x_wconf 79' lang='grc' dir='ltr'>δὲ</span> <span class='ocrx_word' id='word_1_27' title='bbox 437 690 602 773; x_wconf 70' lang='grc' dir='ltr'><strong><em>ἐπιθυμίαν</em></strong></span> <span class='ocrx_word' id='word_1_28' title='bbox 624 689 709 773; x_wconf 74' lang='grc' dir='ltr'><strong><em>δ’σχεν</em></strong></span> <span class='ocrx_word' id='word_1_29' title='bbox 732 694 776 768; x_wconf 83' lang='grc' dir='ltr'><strong><em>ελς</em></strong></span> <span class='ocrx_word' id='word_1_30' title='bbox 793 689 996 777; x_wconf 86' lang='grc' dir='ltr'><strong><em>Ἰεροσόλυμα</em></strong></span> <span class='ocrx_word' id='word_1_31' title='bbox 1019 691 1185 779; x_wconf 69' lang='grc' dir='ltr'><strong><em>ἀφικέσθαι</em></strong></span> <span class='ocrx_word' id='word_1_32' title='bbox 1202 696 1254 757; x_wconf 79' lang='lat' dir='ltr'>asi</span> 
     </span>
    </p>

    <p class='ocr_par' dir='ltr' id='par_1_4' title="bbox 124 790 1293 987">
     <span class='ocr_line' id='line_1_5' title="bbox 149 790 1293 881; baseline 0.007 -27"><span class='ocrx_word' id='word_1_33' title='bbox 149 796 360 875; x_wconf 82' lang='grc' dir='ltr'><strong><em>προσκυνῆσαι</em></strong></span> <span class='ocrx_word' id='word_1_34' title='bbox 382 790 416 858; x_wconf 80' lang='grc' dir='ltr'><strong><em>τό</em></strong></span> <span class='ocrx_word' id='word_1_35' title='bbox 440 800 494 857; x_wconf 82' lang='grc' dir='ltr'><strong><em>τοῦ</em></strong></span> <span class='ocrx_word' id='word_1_36' title='bbox 511 798 586 858; x_wconf 79' lang='grc' dir='ltr'><strong><em>θεοῦ</em></strong></span> <span class='ocrx_word' id='word_1_37' title='bbox 604 792 693 880; x_wconf 79' lang='grc' dir='ltr'><strong><em>ῗερόν.</em></strong></span> <span class='ocrx_word' id='word_1_38' title='bbox 744 797 795 859; x_wconf 86' lang='grc' dir='ltr'>καλ</span> <span class='ocrx_word' id='word_1_39' title='bbox 810 801 866 861; x_wconf 81' lang='grc' dir='ltr'><strong><em>τοῦ</em></strong></span> <span class='ocrx_word' id='word_1_40' title='bbox 880 794 950 861; x_wconf 77' lang='grc' dir='ltr'><strong><em>υἱοῦ</em></strong></span> <span class='ocrx_word' id='word_1_41' title='bbox 965 796 1182 881; x_wconf 70' lang='grc' dir='ltr'><strong><em>ἐπιτρέψαντος</em></strong></span> <span class='ocrx_word' id='word_1_42' title='bbox 1198 799 1250 877; x_wconf 75' lang='lat' dir='ltr'>sui</span> <span class='ocrx_word' id='word_1_43' title='bbox 1264 808 1293 862; x_wconf 79' lang='lat' dir='ltr'>b</span> 
     </span>
     <span class='ocr_line' id='line_1_6' title="bbox 124 891 1254 987; baseline 0.006 -31"><span class='ocrx_word' id='word_1_44' title='bbox 124 910 142 962; x_wconf 84' lang='grc'>5</span> <span class='ocrx_word' id='word_1_45' title='bbox 147 891 298 977; x_wconf 84' lang='grc' dir='ltr'><strong><em>χρήματα</em></strong></span> <span class='ocrx_word' id='word_1_46' title='bbox 325 900 447 960; x_wconf 81' lang='grc' dir='ltr'><strong><em>πλεῖστα</em></strong></span> <span class='ocrx_word' id='word_1_47' title='bbox 475 892 580 973; x_wconf 89' lang='grc' dir='ltr'><strong><em>δόντος</em></strong></span> <span class='ocrx_word' id='word_1_48' title='bbox 606 894 724 963; x_wconf 84' lang='grc' dir='ltr'><strong><em>άπεισιν</em></strong></span> <span class='ocrx_word' id='word_1_49' title='bbox 758 902 801 975; x_wconf 77' lang='grc' dir='ltr'><strong><em>εἰς</em></strong></span> <span class='ocrx_word' id='word_1_50' title='bbox 830 895 1044 983; x_wconf 81' lang='grc' dir='ltr'><strong><em>Ἰεροσόλυμα.</em></strong></span> <span class='ocrx_word' id='word_1_51' title='bbox 1094 900 1145 963; x_wconf 83' lang='grc' dir='ltr'>καλ</span> <span class='ocrx_word' id='word_1_52' title='bbox 1173 903 1254 987; x_wconf 78' lang='grc' dir='ltr'><strong><em>λιμῷ</em></strong></span> 
     </span>
    </p>

    <p class='ocr_par' dir='ltr' id='par_1_5' title="bbox 150 996 1256 1087">
     <span class='ocr_line' id='line_1_7' title="bbox 150 996 1256 1087; baseline 0.007 -28"><span class='ocrx_word' id='word_1_53' title='bbox 150 996 375 1083; x_wconf 73' lang='grc' dir='ltr'>φθειρομένους</span> <span class='ocrx_word' id='word_1_54' title='bbox 397 1000 527 1077; x_wconf 77' lang='grc' dir='ltr'><strong><em>πολλοὺς</em></strong></span> <span class='ocrx_word' id='word_1_55' title='bbox 551 996 682 1086; x_wconf 72' lang='grc' dir='ltr'><strong><em>εὗροῦσα</em></strong></span> <span class='ocrx_word' id='word_1_56' title='bbox 705 1001 780 1082; x_wconf 76' lang='lat' dir='ltr'>iusi,</span> <span class='ocrx_word' id='word_1_57' title='bbox 814 1000 897 1066; x_wconf 80' lang='grc' dir='ltr'><strong><em>σῖτόν</em></strong></span> <span class='ocrx_word' id='word_1_58' title='bbox 919 1027 951 1067; x_wconf 87' lang='grc' dir='ltr'>τε</span> <span class='ocrx_word' id='word_1_59' title='bbox 974 1002 1007 1077; x_wconf 73' lang='grc' dir='ltr'>ἐξ</span> <span class='ocrx_word' id='word_1_60' title='bbox 1026 1000 1256 1087; x_wconf 78' lang='grc' dir='ltr'>Ἀλεξανδρείας</span> 
     </span>
    </p>

    <p class='ocr_par' dir='ltr' id='par_1_6' title="bbox 148 1096 1255 1190">
     <span class='ocr_line' id='line_1_8' title="bbox 148 1096 1255 1190; baseline 0.005 -27"><span class='ocrx_word' id='word_1_61' title='bbox 148 1096 272 1182; x_wconf 73' lang='grc' dir='ltr'><strong><em>ἐκόμισε</em></strong></span> <span class='ocrx_word' id='word_1_62' title='bbox 280 1148 290 1177; x_wconf 99' lang='grc'><strong><em>,</em></strong></span> <span class='ocrx_word' id='word_1_63' title='bbox 326 1104 377 1165; x_wconf 77' lang='grc' dir='ltr'>καὶ</span> <span class='ocrx_word' id='word_1_64' title='bbox 412 1100 545 1184; x_wconf 79' lang='grc' dir='ltr'><strong><em>λσχάδων</em></strong></span> <span class='ocrx_word' id='word_1_65' title='bbox 578 1100 692 1190; x_wconf 78' lang='grc' dir='ltr'><strong><em>φόρτον</em></strong></span> <span class='ocrx_word' id='word_1_66' title='bbox 723 1104 756 1169; x_wconf 74' lang='grc' dir='ltr'><strong><em>ἓν</em></strong></span> <span class='ocrx_word' id='word_1_67' title='bbox 787 1102 917 1187; x_wconf 84' lang='grc' dir='ltr'><strong><em>Κάπρου</em></strong></span> <span class='ocrx_word' id='word_1_68' title='bbox 943 1109 1062 1169; x_wconf 80' lang='grc' dir='ltr'><strong><em>πολλῶν</em></strong></span> <span class='ocrx_word' id='word_1_69' title='bbox 1083 1103 1255 1188; x_wconf 81' lang='grc' dir='ltr'><strong><em>χρημάτων</em></strong></span> 
     </span>
    </p>

    <p class='ocr_par' dir='ltr' id='par_1_7' title="bbox 146 1203 1253 1289">
     <span class='ocr_line' id='line_1_9' title="bbox 146 1203 1253 1289; baseline 0.005 -24"><span class='ocrx_word' id='word_1_70' title='bbox 146 1204 299 1287; x_wconf 74' lang='grc' dir='ltr'><strong><em>πριαμένη</em></strong></span> <span class='ocrx_word' id='word_1_71' title='bbox 317 1212 380 1280; x_wconf 78' lang='grc' dir='ltr'><strong><em>τοῖς</em></strong></span> <span class='ocrx_word' id='word_1_72' title='bbox 396 1203 614 1287; x_wconf 73' lang='grc' dir='ltr'><strong><em>ἀπορουμένοις</em></strong></span> <span class='ocrx_word' id='word_1_73' title='bbox 631 1208 754 1289; x_wconf 71' lang='grc' dir='ltr'><strong><em>διένεμε.</em></strong></span> <span class='ocrx_word' id='word_1_74' title='bbox 801 1210 851 1271; x_wconf 78' lang='grc' dir='ltr'>καὶ</span> <span class='ocrx_word' id='word_1_75' title='bbox 868 1204 885 1271; x_wconf 84' lang='grc' dir='ltr'><em>ὃ</em></span> <span class='ocrx_word' id='word_1_76' title='bbox 903 1215 974 1282; x_wconf 84' lang='grc' dir='ltr'>παῖς</span> <span class='ocrx_word' id='word_1_77' title='bbox 991 1208 1024 1270; x_wconf 76' lang='grc' dir='ltr'>δὲ</span> <span class='ocrx_word' id='word_1_78' title='bbox 1040 1205 1136 1289; x_wconf 77' lang='grc' dir='ltr'><strong><em>αὐτῆς</em></strong></span> <span class='ocrx_word' id='word_1_79' title='bbox 1152 1208 1253 1271; x_wconf 75' lang='grc' dir='ltr'><strong><em>πολλὰ</em></strong></span> 
     </span>
    </p>

    <p class='ocr_par' dir='ltr' id='par_1_8' title="bbox 101 1304 1252 1498">
     <span class='ocr_line' id='line_1_10' title="bbox 144 1304 1252 1396; baseline 0.005 -29"><span class='ocrx_word' id='word_1_80' title='bbox 144 1304 296 1391; x_wconf 80' lang='grc' dir='ltr'><strong><em>χρήματα</em></strong></span> <span class='ocrx_word' id='word_1_81' title='bbox 320 1316 384 1382; x_wconf 76' lang='grc' dir='ltr'><strong><em>τοῖς</em></strong></span> <span class='ocrx_word' id='word_1_82' title='bbox 406 1307 538 1393; x_wconf 83' lang='grc' dir='ltr'><strong><em>πρώτοις</em></strong></span> <span class='ocrx_word' id='word_1_83' title='bbox 561 1316 622 1373; x_wconf 87' lang='grc' dir='ltr'>τῶν</span> <span class='ocrx_word' id='word_1_84' title='bbox 642 1307 896 1396; x_wconf 79' lang='grc' dir='ltr'><strong><em>Ἱεροσολυμιτῶν</em></strong></span> <span class='ocrx_word' id='word_1_85' title='bbox 919 1308 1071 1393; x_wconf 75' lang='grc' dir='ltr'><strong><em>ἔπεμψεν,</em></strong></span> <span class='ocrx_word' id='word_1_86' title='bbox 1093 1308 1136 1373; x_wconf 66' lang='grc' dir='ltr'><strong><em>’ἶν’</em></strong></span> <span class='ocrx_word' id='word_1_87' title='bbox 1156 1308 1185 1375; x_wconf 82' lang='lat' dir='ltr'>ui</span> <span class='ocrx_word' id='word_1_88' title='bbox 1201 1315 1252 1374; x_wconf 81' lang='grc' dir='ltr'><strong><em>λι-</em></strong></span> 
     </span>
     <span class='ocr_line' id='line_1_11' title="bbox 101 1406 905 1498; baseline 0.006 -26"><span class='ocrx_word' id='word_1_89' title='bbox 101 1428 137 1481; x_wconf 84' lang='grc'>10</span> <span class='ocrx_word' id='word_1_90' title='bbox 143 1406 317 1490; x_wconf 88' lang='grc' dir='ltr'><strong><em>μῶττοντες</em></strong></span> <span class='ocrx_word' id='word_1_91' title='bbox 334 1410 383 1473; x_wconf 82' lang='grc' dir='ltr'><strong><em>διά</em></strong></span> <span class='ocrx_word' id='word_1_92' title='bbox 401 1410 515 1477; x_wconf 86' lang='grc' dir='ltr'><strong><em>τοότων</em></strong></span> <span class='ocrx_word' id='word_1_93' title='bbox 532 1408 573 1489; x_wconf 80' lang='grc' dir='ltr'>ὥς</span> <span class='ocrx_word' id='word_1_94' title='bbox 588 1412 654 1478; x_wconf 83' lang='grc' dir='ltr'><strong><em>ε’νόν</em></strong></span> <span class='ocrx_word' id='word_1_95' title='bbox 670 1415 905 1498; x_wconf 78' lang='grc' dir='ltr'><strong><em>ἰπικονρηθῶσι.</em></strong></span> 
     </span>
    </p>

    <p class='ocr_par' dir='ltr' id='par_1_9' title="bbox 140 1509 1250 1911">
     <span class='ocr_line' id='line_1_12' title="bbox 251 1509 1250 1602; baseline 0.003 -27"><span class='ocrx_word' id='word_1_96' title='bbox 251 1514 315 1576; x_wconf 75' lang='grc' dir='ltr'>Καὶ</span> <span class='ocrx_word' id='word_1_97' title='bbox 337 1518 433 1577; x_wconf 80' lang='grc' dir='ltr'><strong><em>ταῦτα</em></strong></span> <span class='ocrx_word' id='word_1_98' title='bbox 455 1516 511 1596; x_wconf 78' lang='grc' dir='ltr'><strong><em>μὲν</em></strong></span> <span class='ocrx_word' id='word_1_99' title='bbox 533 1514 644 1592; x_wconf 77' lang='grc' dir='ltr'><strong><em>οὕτως·</em></strong></span> <span class='ocrx_word' id='word_1_100' title='bbox 665 1515 850 1602; x_wconf 77' lang='grc' dir='ltr'><strong><em>Ἀρταβάνης</em></strong></span> <span class='ocrx_word' id='word_1_101' title='bbox 868 1518 902 1581; x_wconf 77' lang='grc' dir='ltr'>δὲ</span> <span class='ocrx_word' id='word_1_102' title='bbox 919 1519 979 1580; x_wconf 87' lang='grc' dir='ltr'>τῶν</span> <span class='ocrx_word' id='word_1_103' title='bbox 994 1510 1137 1597; x_wconf 91' lang='grc' dir='ltr'><strong><em>Πάρθων</em></strong></span> <span class='ocrx_word' id='word_1_104' title='bbox 1153 1509 1170 1578; x_wconf 82' lang='grc' dir='ltr'><em>ὃ</em></span> <span class='ocrx_word' id='word_1_105' title='bbox 1186 1519 1250 1595; x_wconf 88' lang='grc' dir='ltr'>βα-</span> 
     </span>
     <span class='ocr_line' id='line_1_13' title="bbox 143 1614 1250 1705; baseline -0.001 -24"><span class='ocrx_word' id='word_1_106' title='bbox 143 1614 264 1693; x_wconf 83' lang='grc' dir='ltr'><strong><em>σιλεύς,</em></strong></span> <span class='ocrx_word' id='word_1_107' title='bbox 291 1616 453 1701; x_wconf 68' lang='grc' dir='ltr'><strong><em>ἐπιβουλὴν</em></strong></span> <span class='ocrx_word' id='word_1_108' title='bbox 476 1617 565 1702; x_wconf 78' lang='grc' dir='ltr'><strong><em>γνοιλς</em></strong></span> <span class='ocrx_word' id='word_1_109' title='bbox 589 1619 660 1696; x_wconf 84' lang='grc' dir='ltr'><strong><em>τοδς</em></strong></span> <span class='ocrx_word' id='word_1_110' title='bbox 684 1618 844 1705; x_wconf 82' lang='grc' dir='ltr'><strong><em>σατράπας</em></strong></span> <span class='ocrx_word' id='word_1_111' title='bbox 865 1617 934 1684; x_wconf 80' lang='grc' dir='ltr'><strong><em>κατ’</em></strong></span> <span class='ocrx_word' id='word_1_112' title='bbox 954 1615 1050 1683; x_wconf 64' lang='lat' dir='ltr'>aaron</span> <span class='ocrx_word' id='word_1_113' title='bbox 1064 1615 1250 1699; x_wconf 83' lang='grc' dir='ltr'><strong><em>μελετήσαν-</em></strong></span> 
     </span>
     <span class='ocr_line' id='line_1_14' title="bbox 141 1718 1249 1807; baseline -0.001 -24"><span class='ocrx_word' id='word_1_114' title='bbox 141 1744 221 1797; x_wconf 91' lang='grc' dir='ltr'><strong><em>τας,</em></strong></span> <span class='ocrx_word' id='word_1_115' title='bbox 247 1718 414 1807; x_wconf 77' lang='grc' dir='ltr'><strong><em>ἀφικνεῖται</em></strong></span> <span class='ocrx_word' id='word_1_116' title='bbox 438 1720 513 1807; x_wconf 84' lang='grc' dir='ltr'><strong><em>πρὸς</em></strong></span> <span class='ocrx_word' id='word_1_117' title='bbox 531 1719 671 1804; x_wconf 84' lang='grc' dir='ltr'><strong><em>Ἰζάτην,</em></strong></span> <span class='ocrx_word' id='word_1_118' title='bbox 697 1729 846 1807; x_wconf 75' lang='grc' dir='ltr'><strong><em>συγγενῶν</em></strong></span> <span class='ocrx_word' id='word_1_119' title='bbox 861 1748 893 1787; x_wconf 90' lang='grc' dir='ltr'>τε</span> <span class='ocrx_word' id='word_1_120' title='bbox 909 1723 960 1787; x_wconf 79' lang='grc' dir='ltr'>καὶ</span> <span class='ocrx_word' id='word_1_121' title='bbox 978 1722 1100 1785; x_wconf 82' lang='grc' dir='ltr'><strong><em>ολκετῶν</em></strong></span> <span class='ocrx_word' id='word_1_122' title='bbox 1114 1722 1182 1805; x_wconf 85' lang='grc' dir='ltr'><strong><em>περλ</em></strong></span> <span class='ocrx_word' id='word_1_123' title='bbox 1195 1744 1249 1802; x_wconf 80' lang='grc' dir='ltr'><strong><em>χι-</em></strong></span> 
     </span>
     <span class='ocr_line' id='line_1_15' title="bbox 140 1819 1247 1911; baseline -0.002 -26"><span class='ocrx_word' id='word_1_124' title='bbox 140 1823 230 1897; x_wconf 82' lang='grc' dir='ltr'><strong><em>λίους</em></strong></span> <span class='ocrx_word' id='word_1_125' title='bbox 248 1819 440 1906; x_wconf 72' lang='grc' dir='ltr'><strong><em>ἐπαγόμενος.</em></strong></span> <span class='ocrx_word' id='word_1_126' title='bbox 491 1826 541 1887; x_wconf 83' lang='grc' dir='ltr'>καλ</span> <span class='ocrx_word' id='word_1_127' title='bbox 558 1825 638 1889; x_wconf 79' lang='grc' dir='ltr'><strong><em>καθ’</em></strong></span> <span class='ocrx_word' id='word_1_128' title='bbox 658 1822 729 1891; x_wconf 80' lang='grc' dir='ltr'><strong><em>ὁδὸν</em></strong></span> <span class='ocrx_word' id='word_1_129' title='bbox 749 1831 795 1911; x_wconf 75' lang='grc' dir='ltr'><strong><em>τῷ</em></strong></span> <span class='ocrx_word' id='word_1_130' title='bbox 816 1823 920 1909; x_wconf 81' lang='grc' dir='ltr'><strong><em>Ἰζάτῃ</em></strong></span> <span class='ocrx_word' id='word_1_131' title='bbox 943 1824 1077 1903; x_wconf 75' lang='grc' dir='ltr'><strong><em>ἐνέτυχε,</em></strong></span> <span class='ocrx_word' id='word_1_132' title='bbox 1102 1823 1156 1885; x_wconf 78' lang='grc' dir='ltr'>καί</span> <span class='ocrx_word' id='word_1_133' title='bbox 1170 1846 1247 1908; x_wconf 81' lang='grc' dir='ltr'><strong><em>φησι</em></strong></span> 
     </span>
    </p>

    <p class='ocr_par' dir='ltr' id='par_1_10' title="bbox 99 1918 1386 2420">
     <span class='ocr_line' id='line_1_16' title="bbox 99 1918 1386 2013; baseline -0.001 -22"><span class='ocrx_word' id='word_1_134' title='bbox 99 1920 208 2006; x_wconf 76' lang='grc' dir='ltr'><strong><em>15“μή</em></strong></span> <span class='ocrx_word' id='word_1_135' title='bbox 234 1948 272 2004; x_wconf 87' lang='grc' dir='ltr'><strong><em>με</em></strong></span> <span class='ocrx_word' id='word_1_136' title='bbox 299 1928 445 2012; x_wconf 80' lang='grc' dir='ltr'><strong><em>παρίδης,</em></strong></span> <span class='ocrx_word' id='word_1_137' title='bbox 471 1918 496 1991; x_wconf 75' lang='lat' dir='ltr'>ui</span> <span class='ocrx_word' id='word_1_138' title='bbox 520 1932 664 2008; x_wconf 78' lang='grc' dir='ltr'><strong><em>βασιλεῦ,</em></strong></span> <span class='ocrx_word' id='word_1_139' title='bbox 689 1928 827 1994; x_wconf 80' lang='grc' dir='ltr'><strong><em>ταπεινὸν</em></strong></span> <span class='ocrx_word' id='word_1_140' title='bbox 853 1930 886 1991; x_wconf 75' lang='grc' dir='ltr'><strong><em>ἓν</em></strong></span> <span class='ocrx_word' id='word_1_141' title='bbox 908 1928 1080 2007; x_wconf 76' lang='grc' dir='ltr'><strong><em>μεταβολῆς</em></strong></span> <span class='ocrx_word' id='word_1_142' title='bbox 1102 1921 1245 2007; x_wconf 85' lang='grc' dir='ltr'><strong><em>γεγονότα</em></strong></span> <span class='ocrx_word' id='word_1_143' title='bbox 1260 1932 1284 1987; x_wconf 83' lang='grc' dir='ltr'><strong><em>Ρ</em></strong></span> <span class='ocrx_word' id='word_1_144' title='bbox 1300 1933 1315 1990; x_wconf 94' lang='lat'>1</span> <span class='ocrx_word' id='word_1_145' title='bbox 1330 1933 1386 2013; x_wconf 89' lang='grc'>284</span> 
     </span>
     <span class='ocr_line' id='line_1_17' title="bbox 142 2022 1248 2113; baseline 0 -22"><span class='ocrx_word' id='word_1_146' title='bbox 142 2030 195 2091; x_wconf 80' lang='grc' dir='ltr'>καὶ</span> <span class='ocrx_word' id='word_1_147' title='bbox 221 2022 343 2108; x_wconf 79' lang='grc' dir='ltr'><strong><em>λδιιότην</em></strong></span> <span class='ocrx_word' id='word_1_148' title='bbox 365 2028 397 2093; x_wconf 74' lang='grc' dir='ltr'>ἔκ</span> <span class='ocrx_word' id='word_1_149' title='bbox 420 2030 586 2108; x_wconf 73' lang='grc' dir='ltr'><strong><em>βασιλέως,</em></strong></span> <span class='ocrx_word' id='word_1_150' title='bbox 618 2030 688 2096; x_wconf 80' lang='grc' dir='ltr'><strong><em>ἀλλ’</em></strong></span> <span class='ocrx_word' id='word_1_151' title='bbox 715 2027 949 2113; x_wconf 72' lang='grc' dir='ltr'><strong><em>ἑπικοόρηοον.”</em></strong></span> <span class='ocrx_word' id='word_1_152' title='bbox 1001 2032 1100 2090; x_wconf 77' lang='grc' dir='ltr'><strong><em>ταῦτα</em></strong></span> <span class='ocrx_word' id='word_1_153' title='bbox 1115 2026 1172 2091; x_wconf 77' lang='grc' dir='ltr'><strong><em>σάν</em></strong></span> <span class='ocrx_word' id='word_1_154' title='bbox 1189 2023 1248 2091; x_wconf 83' lang='grc' dir='ltr'>δά-</span> 
     </span>
     <span class='ocr_line' id='line_1_18' title="bbox 143 2126 1247 2216; baseline 0.001 -22"><span class='ocrx_word' id='word_1_155' title='bbox 143 2154 252 2216; x_wconf 82' lang='grc' dir='ltr'><strong><em>κρυσιν</em></strong></span> <span class='ocrx_word' id='word_1_156' title='bbox 269 2128 375 2215; x_wconf 72' lang='grc' dir='ltr'><strong><em>ἔλεγεν.</em></strong></span> <span class='ocrx_word' id='word_1_157' title='bbox 427 2127 443 2193; x_wconf 82' lang='grc' dir='ltr'>ὁ</span> <span class='ocrx_word' id='word_1_158' title='bbox 462 2130 496 2194; x_wconf 72' lang='grc' dir='ltr'>δὲ</span> <span class='ocrx_word' id='word_1_159' title='bbox 508 2130 628 2215; x_wconf 81' lang='grc' dir='ltr'><strong><em>Ἰζάτης</em></strong></span> <span class='ocrx_word' id='word_1_160' title='bbox 645 2132 778 2209; x_wconf 83' lang='grc' dir='ltr'><strong><em>άκοόοας</em></strong></span> <span class='ocrx_word' id='word_1_161' title='bbox 793 2132 829 2197; x_wconf 79' lang='grc' dir='ltr'><strong><em>τά</em></strong></span> <span class='ocrx_word' id='word_1_162' title='bbox 844 2131 959 2213; x_wconf 76' lang='grc' dir='ltr'><strong><em>ὄνομα,</em></strong></span> <span class='ocrx_word' id='word_1_163' title='bbox 984 2126 1173 2212; x_wconf 84' lang='grc' dir='ltr'><strong><em>κατεπήδησε</em></strong></span> <span class='ocrx_word' id='word_1_164' title='bbox 1189 2135 1247 2195; x_wconf 76' lang='grc' dir='ltr'><strong><em>τοῦ</em></strong></span> 
     </span>
     <span class='ocr_line' id='line_1_19' title="bbox 139 2226 1246 2319; baseline 0.001 -23"><span class='ocrx_word' id='word_1_165' title='bbox 139 2236 237 2296; x_wconf 73' lang='grc' dir='ltr'><strong><em>’ἵππου</em></strong></span> <span class='ocrx_word' id='word_1_166' title='bbox 261 2234 314 2295; x_wconf 80' lang='grc' dir='ltr'>καί</span> <span class='ocrx_word' id='word_1_167' title='bbox 332 2227 491 2316; x_wconf 67' lang='lat' dir='ltr'>“driades&#39;&#39;</span> <span class='ocrx_word' id='word_1_168' title='bbox 518 2230 578 2319; x_wconf 61' lang='grc' dir='ltr'>ἔφη</span> <span class='ocrx_word' id='word_1_169' title='bbox 599 2226 648 2298; x_wconf 78' lang='lat' dir='ltr'>“ni</span> <span class='ocrx_word' id='word_1_170' title='bbox 669 2241 813 2316; x_wconf 80' lang='grc' dir='ltr'><strong><em>βασιλεῦ·</em></strong></span> <span class='ocrx_word' id='word_1_171' title='bbox 838 2234 860 2315; x_wconf 79' lang='grc' dir='ltr'><strong><em>ἢ</em></strong></span> <span class='ocrx_word' id='word_1_172' title='bbox 882 2233 942 2319; x_wconf 84' lang='grc' dir='ltr'>γάρ</span> <span class='ocrx_word' id='word_1_173' title='bbox 966 2234 1009 2309; x_wconf 75' lang='grc' dir='ltr'><strong><em>εἰς</em></strong></span> <span class='ocrx_word' id='word_1_174' title='bbox 1030 2232 1087 2315; x_wconf 78' lang='grc' dir='ltr'>τὴν</span> <span class='ocrx_word' id='word_1_175' title='bbox 1102 2229 1246 2318; x_wconf 88' lang='grc' dir='ltr'><strong><em>Πάρθων</em></strong></span> 
     </span>
     <span class='ocr_line' id='line_1_20' title="bbox 140 2329 1245 2420; baseline 0.003 -22"><span class='ocrx_word' id='word_1_176' title='bbox 140 2336 300 2415; x_wconf 78' lang='grc' dir='ltr'><strong><em>βασιλείαν</em></strong></span> <span class='ocrx_word' id='word_1_177' title='bbox 323 2360 357 2400; x_wconf 84' lang='grc' dir='ltr'><strong><em>σε</em></strong></span> <span class='ocrx_word' id='word_1_178' title='bbox 381 2329 562 2417; x_wconf 73' lang='grc' dir='ltr'><strong><em>καταστήσω</em></strong></span> <span class='ocrx_word' id='word_1_179' title='bbox 585 2332 607 2418; x_wconf 80' lang='grc' dir='ltr'><strong><em>ἢ</em></strong></span> <span class='ocrx_word' id='word_1_180' title='bbox 628 2342 683 2419; x_wconf 86' lang='grc' dir='ltr'><strong><em>τῆς</em></strong></span> <span class='ocrx_word' id='word_1_181' title='bbox 705 2338 781 2420; x_wconf 67' lang='grc' dir='ltr'><strong><em>ἐμῆς</em></strong></span> <span class='ocrx_word' id='word_1_182' title='bbox 802 2362 851 2401; x_wconf 93' lang='grc' dir='ltr'><strong><em>σοι</em></strong></span> <span class='ocrx_word' id='word_1_183' title='bbox 873 2333 1093 2417; x_wconf 78' lang='grc' dir='ltr'><strong><em>ε’κστήσομαι.”</em></strong></span> <span class='ocrx_word' id='word_1_184' title='bbox 1145 2342 1245 2401; x_wconf 76' lang='grc' dir='ltr'><strong><em>ταῦτα</em></strong></span> 
     </span>
    </p>

    <p class='ocr_par' dir='ltr' id='par_1_11' title="bbox 98 2433 1396 2731">
     <span class='ocr_line' id='line_1_21' title="bbox 98 2433 1243 2526; baseline 0 -22"><span class='ocrx_word' id='word_1_185' title='bbox 98 2433 206 2504; x_wconf 61' lang='lat' dir='ltr'>totius</span> <span class='ocrx_word' id='word_1_186' title='bbox 229 2440 279 2502; x_wconf 74' lang='lat' dir='ltr'>uni</span> <span class='ocrx_word' id='word_1_187' title='bbox 300 2438 346 2502; x_wconf 75' lang='grc' dir='ltr'>ἐπὶ</span> <span class='ocrx_word' id='word_1_188' title='bbox 362 2436 417 2502; x_wconf 80' lang='grc' dir='ltr'>τόν</span> <span class='ocrx_word' id='word_1_189' title='bbox 430 2440 524 2502; x_wconf 74' lang='grc' dir='ltr'><strong><em>λ’ππον</em></strong></span> <span class='ocrx_word' id='word_1_190' title='bbox 543 2438 634 2504; x_wconf 80' lang='grc' dir='ltr'><strong><em>αὐτὸν</em></strong></span> <span class='ocrx_word' id='word_1_191' title='bbox 651 2439 848 2522; x_wconf 71' lang='grc' dir='ltr'><strong><em>ἀνεβίβασεν,</em></strong></span> <span class='ocrx_word' id='word_1_192' title='bbox 874 2438 1016 2515; x_wconf 67' lang='lat' dir='ltr'>abscindi</span> <span class='ocrx_word' id='word_1_193' title='bbox 1032 2436 1120 2517; x_wconf 77' lang='grc' dir='ltr'><strong><em>πεζάς</em></strong></span> <span class='ocrx_word' id='word_1_194' title='bbox 1136 2441 1243 2526; x_wconf 78' lang='grc' dir='ltr'><strong><em>παρεί·</em></strong></span> 
     </span>
     <span class='ocr_line' id='line_1_22' title="bbox 141 2536 1244 2626; baseline 0.005 -24"><span class='ocrx_word' id='word_1_195' title='bbox 141 2566 225 2605; x_wconf 88' lang='grc' dir='ltr'><strong><em>πετο.</em></strong></span> <span class='ocrx_word' id='word_1_196' title='bbox 276 2544 327 2606; x_wconf 75' lang='grc' dir='ltr'>καὶ</span> <span class='ocrx_word' id='word_1_197' title='bbox 351 2536 367 2605; x_wconf 82' lang='grc' dir='ltr'><strong>ὅ</strong></span> <span class='ocrx_word' id='word_1_198' title='bbox 387 2538 577 2626; x_wconf 83' lang='grc' dir='ltr'><strong><em>Ἀρταβάνης</em></strong></span> <span class='ocrx_word' id='word_1_199' title='bbox 599 2541 733 2624; x_wconf 86' lang='grc' dir='ltr'><strong><em>ῶμοσεν,</em></strong></span> <span class='ocrx_word' id='word_1_200' title='bbox 760 2547 787 2608; x_wconf 75' lang='grc' dir='ltr'><strong><em>εἰ</em></strong></span> <span class='ocrx_word' id='word_1_201' title='bbox 807 2543 852 2624; x_wconf 86' lang='grc' dir='ltr'>μὴ</span> <span class='ocrx_word' id='word_1_202' title='bbox 874 2542 1009 2618; x_wconf 84' lang='grc' dir='ltr'><strong><em>κάκεῖνος</em></strong></span> <span class='ocrx_word' id='word_1_203' title='bbox 1032 2541 1164 2623; x_wconf 81' lang='grc' dir='ltr'><strong><em>άναβαίη</em></strong></span> <span class='ocrx_word' id='word_1_204' title='bbox 1188 2541 1244 2622; x_wconf 82' lang='grc' dir='ltr'>τόν</span> 
     </span>
     <span class='ocr_line' id='line_1_23' title="bbox 136 2640 1396 2731; baseline 0.001 -23"><span class='ocrx_word' id='word_1_205' title='bbox 136 2647 233 2708; x_wconf 72' lang='lat' dir='ltr'>‘lanan</span> <span class='ocrx_word' id='word_1_206' title='bbox 259 2646 309 2708; x_wconf 86' lang='grc' dir='ltr'>καλ</span> <span class='ocrx_word' id='word_1_207' title='bbox 334 2654 513 2731; x_wconf 81' lang='grc' dir='ltr'><strong><em>προηγοῖτο,</em></strong></span> <span class='ocrx_word' id='word_1_208' title='bbox 540 2644 756 2731; x_wconf 76' lang='grc' dir='ltr'><strong><em>ἀποβήσεσθαι</em></strong></span> <span class='ocrx_word' id='word_1_209' title='bbox 779 2649 830 2710; x_wconf 80' lang='grc' dir='ltr'>καὶ</span> <span class='ocrx_word' id='word_1_210' title='bbox 853 2643 954 2720; x_wconf 80' lang='grc' dir='ltr'><strong><em>αὐτός.</em></strong></span> <span class='ocrx_word' id='word_1_211' title='bbox 1001 2646 1140 2719; x_wconf 77' lang='grc' dir='ltr'>Ιπεισθεὶς</span> <span class='ocrx_word' id='word_1_212' title='bbox 1164 2644 1197 2708; x_wconf 79' lang='grc' dir='ltr'>δ’</span> <span class='ocrx_word' id='word_1_213' title='bbox 1223 2640 1240 2708; x_wconf 83' lang='grc' dir='ltr'><strong><em>δ</em></strong></span> <span class='ocrx_word' id='word_1_214' title='bbox 1259 2649 1296 2705; x_wconf 83' lang='lat' dir='ltr'>W</span> <span class='ocrx_word' id='word_1_215' title='bbox 1310 2649 1326 2704; x_wconf 88' lang='lat'>1</span> <span class='ocrx_word' id='word_1_216' title='bbox 1342 2652 1396 2709; x_wconf 76' lang='lat'>203</span> 
     </span>
    </p>
   </div>
   <div class='ocr_carea' id='block_1_3' title="bbox 207 2844 1244 3063">
    <p class='ocr_par' dir='ltr' id='par_1_12' title="bbox 207 2844 1244 3063">
     <span class='ocr_line' id='line_1_24' title="bbox 208 2844 1244 2926; baseline -0.002 -19"><span class='ocrx_word' id='word_1_217' title='bbox 208 2854 227 2907; x_wconf 89' lang='grc'><strong>8</strong></span> <span class='ocrx_word' id='word_1_218' title='bbox 252 2849 370 2924; x_wconf 75' lang='grc' dir='ltr'><strong><em>διένειμε</em></strong></span> <span class='ocrx_word' id='word_1_219' title='bbox 392 2857 417 2910; x_wconf 68' lang='grc' dir='ltr'><strong>Α</strong></span> <span class='ocrx_word' id='word_1_220' title='bbox 440 2857 577 2926; x_wconf 73' lang='lat' dir='ltr'><strong>Iosephus.</strong></span> <span class='ocrx_word' id='word_1_221' title='bbox 716 2855 748 2906; x_wconf 86' lang='lat' dir='ltr'>il</span> <span class='ocrx_word' id='word_1_222' title='bbox 772 2846 957 2920; x_wconf 76' lang='grc' dir='ltr'><strong><em>Ἀρταβάνης]</em></strong></span> <span class='ocrx_word' id='word_1_223' title='bbox 980 2849 1020 2902; x_wconf 83' lang='lat' dir='ltr'>sic</span> <span class='ocrx_word' id='word_1_224' title='bbox 1037 2857 1065 2903; x_wconf 89' lang='lat' dir='ltr'>et</span> <span class='ocrx_word' id='word_1_225' title='bbox 1080 2844 1244 2921; x_wconf 76' lang='grc' dir='ltr'><strong><em>Ἀρτάβανος</em></strong></span> 
     </span>
     <span class='ocr_line' id='line_1_25' title="bbox 207 2913 1243 2994; baseline -0.009 -18"><span class='ocrx_word' id='word_1_226' title='bbox 207 2925 315 2992; x_wconf 86' lang='lat' dir='ltr'>Iosephi</span> <span class='ocrx_word' id='word_1_227' title='bbox 339 2927 452 2978; x_wconf 80' lang='lat' dir='ltr'>cedices.</span> <span class='ocrx_word' id='word_1_228' title='bbox 486 2943 513 2994; x_wconf 85' lang='lat' dir='ltr'>p.</span> <span class='ocrx_word' id='word_1_229' title='bbox 532 2925 584 2978; x_wconf 82' lang='grc'>484</span> <span class='ocrx_word' id='word_1_230' title='bbox 601 2941 629 2976; x_wconf 87' lang='grc' dir='ltr'><strong><em>ν.</em></strong></span> <span class='ocrx_word' id='word_1_231' title='bbox 647 2923 666 2977; x_wconf 86' lang='grc'><strong>4</strong></span> <span class='ocrx_word' id='word_1_232' title='bbox 683 2927 711 2974; x_wconf 81' lang='lat' dir='ltr'>et</span> <span class='ocrx_word' id='word_1_233' title='bbox 728 2922 756 2974; x_wconf 90' lang='lat' dir='ltr'>in</span> <span class='ocrx_word' id='word_1_234' title='bbox 773 2917 946 2990; x_wconf 76' lang='lat' dir='ltr'>sequentibus</span> <span class='ocrx_word' id='word_1_235' title='bbox 959 2913 1131 2989; x_wconf 70' lang='grc' dir='ltr'><strong><em>Ἀρταβάνῳ,</em></strong></span> <span class='ocrx_word' id='word_1_236' title='bbox 1145 2915 1243 2988; x_wconf 69' lang='lat' dir='ltr'>’Aeta-</span> 
     </span>
     <span class='ocr_line' id='line_1_26' title="bbox 209 2986 1238 3063; baseline 0.003 -19"><span class='ocrx_word' id='word_1_237' title='bbox 209 2991 305 3063; x_wconf 79' lang='grc' dir='ltr'><strong><em>βανος.</em></strong></span> <span class='ocrx_word' id='word_1_238' title='bbox 440 2986 458 3047; x_wconf 82' lang='grc' dir='ltr'><em>ὃ</em></span> <span class='ocrx_word' id='word_1_239' title='bbox 474 2993 529 3046; x_wconf 80' lang='grc' dir='ltr'>τῶν</span> <span class='ocrx_word' id='word_1_240' title='bbox 543 2989 666 3061; x_wconf 79' lang='grc' dir='ltr'><strong><em>πάρθοου</em></strong></span> <span class='ocrx_word' id='word_1_241' title='bbox 683 2990 746 3060; x_wconf 78' lang='grc' dir='ltr'><strong><em>βαι.</em></strong></span> <span class='ocrx_word' id='word_1_242' title='bbox 765 2991 811 3044; x_wconf 87' lang='lat' dir='ltr'>W.</span> <span class='ocrx_word' id='word_1_243' title='bbox 950 2986 985 3041; x_wconf 82' lang='lat'>19</span> <span class='ocrx_word' id='word_1_244' title='bbox 999 3003 1030 3041; x_wconf 86' lang='grc' dir='ltr'><strong><em>σε</em></strong></span> <span class='ocrx_word' id='word_1_245' title='bbox 1047 2987 1189 3060; x_wconf 79' lang='grc' dir='ltr'><strong><em>βασιλείαν</em></strong></span> <span class='ocrx_word' id='word_1_246' title='bbox 1204 2995 1238 3048; x_wconf 74' lang='grc' dir='ltr'>Α.</span> 
     </span>
    </p>
   </div>
   <div class='ocr_carea' id='block_1_4' title="bbox 132 3177 1312 4080">
    <p class='ocr_par' dir='ltr' id='par_1_13' title="bbox 136 3177 1312 3304">
     <span class='ocr_line' id='line_1_27' title="bbox 136 3177 1312 3249; baseline 0 -15"><span class='ocrx_word' id='word_1_247' title='bbox 136 3184 240 3248; x_wconf 82' lang='lat' dir='ltr'>cassat,</span> <span class='ocrx_word' id='word_1_248' title='bbox 265 3180 346 3234; x_wconf 83' lang='lat' dir='ltr'>veriti</span> <span class='ocrx_word' id='word_1_249' title='bbox 364 3186 425 3234; x_wconf 89' lang='lat' dir='ltr'>sunt</span> <span class='ocrx_word' id='word_1_250' title='bbox 441 3197 475 3233; x_wconf 86' lang='lat' dir='ltr'>ue</span> <span class='ocrx_word' id='word_1_251' title='bbox 492 3197 526 3234; x_wconf 88' lang='lat' dir='ltr'>ex</span> <span class='ocrx_word' id='word_1_252' title='bbox 542 3197 576 3235; x_wconf 92' lang='lat' dir='ltr'>ea</span> <span class='ocrx_word' id='word_1_253' title='bbox 591 3195 622 3233; x_wconf 84' lang='lat' dir='ltr'>rs</span> <span class='ocrx_word' id='word_1_254' title='bbox 638 3185 666 3232; x_wconf 87' lang='lat' dir='ltr'>st</span> <span class='ocrx_word' id='word_1_255' title='bbox 681 3177 733 3232; x_wconf 89' lang='lat' dir='ltr'>sibi</span> <span class='ocrx_word' id='word_1_256' title='bbox 749 3181 779 3231; x_wconf 87' lang='lat' dir='ltr'>et</span> <span class='ocrx_word' id='word_1_257' title='bbox 794 3179 851 3249; x_wconf 79' lang='lat' dir='ltr'>regi</span> <span class='ocrx_word' id='word_1_258' title='bbox 867 3177 986 3249; x_wconf 83' lang='lat' dir='ltr'>pericula</span> <span class='ocrx_word' id='word_1_259' title='bbox 1002 3182 1169 3234; x_wconf 78' lang='lat' dir='ltr'>maerentes:</span> <span class='ocrx_word' id='word_1_260' title='bbox 1192 3179 1242 3234; x_wconf 88' lang='lat' dir='ltr'>sed</span> <span class='ocrx_word' id='word_1_261' title='bbox 1309 3215 1312 3219; x_wconf 62' lang='grc'><strong><em>«</em></strong></span> 
     </span>
     <span class='ocr_line' id='line_1_28' title="bbox 136 3250 517 3304; baseline -0.003 0"><span class='ocrx_word' id='word_1_262' title='bbox 136 3267 196 3304; x_wconf 85' lang='lat' dir='ltr'>snm</span> <span class='ocrx_word' id='word_1_263' title='bbox 216 3258 311 3302; x_wconf 88' lang='lat' dir='ltr'>metam</span> <span class='ocrx_word' id='word_1_264' title='bbox 328 3250 393 3302; x_wconf 91' lang='lat' dir='ltr'>deus</span> <span class='ocrx_word' id='word_1_265' title='bbox 410 3251 517 3303; x_wconf 81' lang='lat' dir='ltr'>avertit.</span> 
     </span>
    </p>

    <p class='ocr_par' dir='ltr' id='par_1_14' title="bbox 134 3315 1241 3730">
     <span class='ocr_line' id='line_1_29' title="bbox 240 3315 1241 3386; baseline -0.004 -14"><span class='ocrx_word' id='word_1_266' title='bbox 240 3319 343 3372; x_wconf 88' lang='lat' dir='ltr'>Helena</span> <span class='ocrx_word' id='word_1_267' title='bbox 366 3335 447 3386; x_wconf 86' lang='lat' dir='ltr'>porro</span> <span class='ocrx_word' id='word_1_268' title='bbox 471 3317 572 3371; x_wconf 85' lang='lat' dir='ltr'>visendi</span> <span class='ocrx_word' id='word_1_269' title='bbox 592 3318 774 3385; x_wconf 80' lang='lat' dir='ltr'>Hierosolyma</span> <span class='ocrx_word' id='word_1_270' title='bbox 798 3324 826 3370; x_wconf 91' lang='lat' dir='ltr'>et</span> <span class='ocrx_word' id='word_1_271' title='bbox 844 3318 931 3370; x_wconf 89' lang='lat' dir='ltr'>sancti</span> <span class='ocrx_word' id='word_1_272' title='bbox 946 3317 991 3370; x_wconf 91' lang='lat' dir='ltr'>dei</span> <span class='ocrx_word' id='word_1_273' title='bbox 1007 3315 1097 3386; x_wconf 84' lang='lat' dir='ltr'>tempii</span> <span class='ocrx_word' id='word_1_274' title='bbox 1112 3315 1241 3368; x_wconf 83' lang='lat' dir='ltr'>adorandi</span> 
     </span>
     <span class='ocr_line' id='line_1_30' title="bbox 136 3372 1240 3457; baseline -0.002 -18"><span class='ocrx_word' id='word_1_275' title='bbox 136 3387 249 3457; x_wconf 82' lang='lat' dir='ltr'>cupida,</span> <span class='ocrx_word' id='word_1_276' title='bbox 273 3388 401 3456; x_wconf 87' lang='lat' dir='ltr'>permissu</span> <span class='ocrx_word' id='word_1_277' title='bbox 424 3388 472 3440; x_wconf 88' lang='lat' dir='ltr'>iiiii</span> <span class='ocrx_word' id='word_1_278' title='bbox 496 3405 551 3440; x_wconf 89' lang='lat' dir='ltr'>cum</span> <span class='ocrx_word' id='word_1_279' title='bbox 569 3388 678 3440; x_wconf 85' lang='lat' dir='ltr'>maxima</span> <span class='ocrx_word' id='word_1_280' title='bbox 695 3386 805 3457; x_wconf 85' lang='lat' dir='ltr'>pecunia</span> <span class='ocrx_word' id='word_1_281' title='bbox 820 3385 848 3438; x_wconf 91' lang='lat' dir='ltr'>in</span> <span class='ocrx_word' id='word_1_282' title='bbox 866 3387 955 3440; x_wconf 87' lang='lat' dir='ltr'>urbem</span> <span class='ocrx_word' id='word_1_283' title='bbox 972 3372 1157 3457; x_wconf 81' lang='lat' dir='ltr'>proticiscitur.</span> <span class='ocrx_word' id='word_1_284' title='bbox 1192 3385 1240 3437; x_wconf 89' lang='lat' dir='ltr'>ubi</span> 
     </span>
     <span class='ocr_line' id='line_1_31' title="bbox 136 3453 1239 3524; baseline -0.001 -17"><span class='ocrx_word' id='word_1_285' title='bbox 136 3473 196 3510; x_wconf 88' lang='lat' dir='ltr'>cum</span> <span class='ocrx_word' id='word_1_286' title='bbox 216 3457 309 3511; x_wconf 78' lang='lat' dir='ltr'>maritos</span> <span class='ocrx_word' id='word_1_287' title='bbox 325 3459 393 3509; x_wconf 83' lang='lat' dir='ltr'>ieme</span> <span class='ocrx_word' id='word_1_288' title='bbox 410 3465 550 3524; x_wconf 77' lang='lat' dir='ltr'>pereuntes</span> <span class='ocrx_word' id='word_1_289' title='bbox 564 3457 725 3522; x_wconf 84' lang='lat' dir='ltr'>invenisset,</span> <span class='ocrx_word' id='word_1_290' title='bbox 750 3459 906 3510; x_wconf 77' lang='lat' dir='ltr'>frumentum</span> <span class='ocrx_word' id='word_1_291' title='bbox 923 3454 1082 3509; x_wconf 78' lang='lat' dir='ltr'>Alexandria</span> <span class='ocrx_word' id='word_1_292' title='bbox 1099 3453 1239 3506; x_wconf 84' lang='lat' dir='ltr'>advectum</span> 
     </span>
     <span class='ocr_line' id='line_1_32' title="bbox 136 3523 1240 3594; baseline -0.003 -18"><span class='ocrx_word' id='word_1_293' title='bbox 136 3535 166 3578; x_wconf 86' lang='lat' dir='ltr'>et</span> <span class='ocrx_word' id='word_1_294' title='bbox 180 3527 299 3578; x_wconf 86' lang='lat' dir='ltr'>sarcinas</span> <span class='ocrx_word' id='word_1_295' title='bbox 316 3526 410 3578; x_wconf 85' lang='lat' dir='ltr'>ficuum</span> <span class='ocrx_word' id='word_1_296' title='bbox 427 3526 455 3578; x_wconf 91' lang='lat' dir='ltr'>iu</span> <span class='ocrx_word' id='word_1_297' title='bbox 472 3527 564 3594; x_wconf 84' lang='lat' dir='ltr'>Cypro</span> <span class='ocrx_word' id='word_1_298' title='bbox 581 3535 681 3594; x_wconf 85' lang='lat' dir='ltr'>emptas</span> <span class='ocrx_word' id='word_1_299' title='bbox 698 3527 769 3578; x_wconf 86' lang='lat' dir='ltr'>inter</span> <span class='ocrx_word' id='word_1_300' title='bbox 786 3533 894 3593; x_wconf 77' lang='lat' dir='ltr'>egentes</span> <span class='ocrx_word' id='word_1_301' title='bbox 907 3525 1051 3578; x_wconf 80' lang='lat' dir='ltr'>distribuit.</span> <span class='ocrx_word' id='word_1_302' title='bbox 1085 3523 1156 3574; x_wconf 84' lang='lat' dir='ltr'>filias</span> <span class='ocrx_word' id='word_1_303' title='bbox 1173 3537 1240 3590; x_wconf 86' lang='lat' dir='ltr'>quo-</span> 
     </span>
     <span class='ocr_line' id='line_1_33' title="bbox 135 3593 1238 3664; baseline -0.003 -19"><span class='ocrx_word' id='word_1_304' title='bbox 135 3609 188 3662; x_wconf 87' lang='lat' dir='ltr'>que</span> <span class='ocrx_word' id='word_1_305' title='bbox 205 3595 261 3648; x_wconf 91' lang='lat' dir='ltr'>eius</span> <span class='ocrx_word' id='word_1_306' title='bbox 279 3595 440 3664; x_wconf 87' lang='lat' dir='ltr'>principibus</span> <span class='ocrx_word' id='word_1_307' title='bbox 457 3595 704 3664; x_wconf 84' lang='lat' dir='ltr'>Hierosolymitanis</span> <span class='ocrx_word' id='word_1_308' title='bbox 720 3597 827 3648; x_wconf 88' lang='lat' dir='ltr'>multum</span> <span class='ocrx_word' id='word_1_309' title='bbox 843 3595 969 3662; x_wconf 83' lang='lat' dir='ltr'>pecuniae</span> <span class='ocrx_word' id='word_1_310' title='bbox 985 3593 1070 3659; x_wconf 87' lang='lat' dir='ltr'>misit,</span> <span class='ocrx_word' id='word_1_311' title='bbox 1095 3608 1147 3660; x_wconf 89' lang='lat' dir='ltr'>quo</span> <span class='ocrx_word' id='word_1_312' title='bbox 1170 3607 1238 3660; x_wconf 87' lang='lat' dir='ltr'>pau-</span> 
     </span>
     <span class='ocr_line' id='line_1_34' title="bbox 134 3665 394 3730; baseline 0.008 -16"><span class='ocrx_word' id='word_1_313' title='bbox 134 3679 213 3730; x_wconf 81' lang='lat' dir='ltr'>peres</span> <span class='ocrx_word' id='word_1_314' title='bbox 228 3665 394 3717; x_wconf 78' lang='lat' dir='ltr'>iuvarentur.</span> 
     </span>
    </p>

    <p class='ocr_par' dir='ltr' id='par_1_15' title="bbox 132 3729 1237 4080">
     <span class='ocr_line' id='line_1_35' title="bbox 240 3729 1236 3802; baseline -0.005 -17"><span class='ocrx_word' id='word_1_315' title='bbox 240 3733 327 3801; x_wconf 76' lang='lat' dir='ltr'>Atque</span> <span class='ocrx_word' id='word_1_316' title='bbox 352 3733 416 3784; x_wconf 86' lang='lat' dir='ltr'>baec</span> <span class='ocrx_word' id='word_1_317' title='bbox 440 3732 479 3785; x_wconf 91' lang='lat' dir='ltr'>ita</span> <span class='ocrx_word' id='word_1_318' title='bbox 503 3738 579 3802; x_wconf 76' lang='lat' dir='ltr'>gesta</span> <span class='ocrx_word' id='word_1_319' title='bbox 603 3739 679 3785; x_wconf 86' lang='lat' dir='ltr'>sunt:</span> <span class='ocrx_word' id='word_1_320' title='bbox 709 3731 859 3785; x_wconf 78' lang='lat' dir='ltr'>Artabanus</span> <span class='ocrx_word' id='word_1_321' title='bbox 885 3739 971 3784; x_wconf 91' lang='lat' dir='ltr'>autem</span> <span class='ocrx_word' id='word_1_322' title='bbox 997 3729 1153 3782; x_wconf 79' lang='lat' dir='ltr'>Parthorum</span> <span class='ocrx_word' id='word_1_323' title='bbox 1178 3746 1236 3795; x_wconf 83' lang='lat' dir='ltr'>rex,</span> 
     </span>
     <span class='ocr_line' id='line_1_36' title="bbox 134 3799 1236 3886; baseline 0 -36"><span class='ocrx_word' id='word_1_324' title='bbox 134 3801 248 3868; x_wconf 85' lang='lat' dir='ltr'>cognitis</span> <span class='ocrx_word' id='word_1_325' title='bbox 270 3801 372 3855; x_wconf 82' lang='lat' dir='ltr'>insidiis</span> <span class='ocrx_word' id='word_1_326' title='bbox 396 3819 462 3869; x_wconf 88' lang='lat' dir='ltr'>quas</span> <span class='ocrx_word' id='word_1_327' title='bbox 484 3803 535 3855; x_wconf 88' lang='lat' dir='ltr'>sibi</span> <span class='ocrx_word' id='word_1_328' title='bbox 556 3809 683 3886; x_wconf 76' lang='lat' dir='ltr'>pararent</span> <span class='ocrx_word' id='word_1_329' title='bbox 701 3809 837 3885; x_wconf 71' lang='lat' dir='ltr'>satrapae,</span> <span class='ocrx_word' id='word_1_330' title='bbox 863 3800 898 3853; x_wconf 93' lang='lat' dir='ltr'>ad</span> <span class='ocrx_word' id='word_1_331' title='bbox 919 3801 1009 3853; x_wconf 87' lang='lat' dir='ltr'>lzaten</span> <span class='ocrx_word' id='word_1_332' title='bbox 1025 3799 1100 3851; x_wconf 80' lang='lat' dir='ltr'>venit</span> <span class='ocrx_word' id='word_1_333' title='bbox 1115 3815 1172 3851; x_wconf 85' lang='lat' dir='ltr'>cum</span> <span class='ocrx_word' id='word_1_334' title='bbox 1188 3817 1236 3850; x_wconf 88' lang='lat' dir='ltr'>co-</span> 
     </span>
     <span class='ocr_line' id='line_1_37' title="bbox 136 3861 1235 3940; baseline 0.001 -22"><span class='ocrx_word' id='word_1_335' title='bbox 136 3871 225 3934; x_wconf 75' lang='lat' dir='ltr'>gnatis</span> <span class='ocrx_word' id='word_1_336' title='bbox 242 3879 271 3923; x_wconf 88' lang='lat' dir='ltr'>et</span> <span class='ocrx_word' id='word_1_337' title='bbox 285 3871 389 3922; x_wconf 81' lang='lat' dir='ltr'>famulis</span> <span class='ocrx_word' id='word_1_338' title='bbox 405 3871 512 3923; x_wconf 88' lang='lat' dir='ltr'>circiter</span> <span class='ocrx_word' id='word_1_339' title='bbox 529 3873 599 3926; x_wconf 81' lang='lat' dir='ltr'>rusie.</span> <span class='ocrx_word' id='word_1_340' title='bbox 635 3879 713 3940; x_wconf 86' lang='lat' dir='ltr'>atque</span> <span class='ocrx_word' id='word_1_341' title='bbox 732 3872 758 3923; x_wconf 88' lang='lat' dir='ltr'>in</span> <span class='ocrx_word' id='word_1_342' title='bbox 775 3870 870 3923; x_wconf 81' lang='lat' dir='ltr'>ttinere</span> <span class='ocrx_word' id='word_1_343' title='bbox 885 3870 956 3922; x_wconf 89' lang='lat' dir='ltr'>iilum</span> <span class='ocrx_word' id='word_1_344' title='bbox 973 3868 1084 3937; x_wconf 82' lang='lat' dir='ltr'>adeptus</span> <span class='ocrx_word' id='word_1_345' title='bbox 1101 3861 1155 3920; x_wconf 75' lang='lat' dir='ltr'>“ne</span> <span class='ocrx_word' id='word_1_346' title='bbox 1172 3861 1235 3921; x_wconf 87' lang='lat' dir='ltr'>me&#39;&#39;</span> 
     </span>
     <span class='ocr_line' id='line_1_38' title="bbox 133 3933 1236 4010; baseline 0.001 -22"><span class='ocrx_word' id='word_1_347' title='bbox 133 3938 236 4005; x_wconf 84' lang='lat' dir='ltr'>inquit,</span> <span class='ocrx_word' id='word_1_348' title='bbox 257 3933 340 4004; x_wconf 76' lang='lat' dir='ltr'>“resr,</span> <span class='ocrx_word' id='word_1_349' title='bbox 359 3945 458 3992; x_wconf 87' lang='lat' dir='ltr'>mutata</span> <span class='ocrx_word' id='word_1_350' title='bbox 473 3943 578 3994; x_wconf 79' lang='lat' dir='ltr'>fortuna</span> <span class='ocrx_word' id='word_1_351' title='bbox 594 3941 745 4010; x_wconf 83' lang='lat' dir='ltr'>depressum</span> <span class='ocrx_word' id='word_1_352' title='bbox 762 3947 789 3991; x_wconf 86' lang='lat' dir='ltr'>et</span> <span class='ocrx_word' id='word_1_353' title='bbox 806 3939 911 4008; x_wconf 82' lang='lat' dir='ltr'>aregio</span> <span class='ocrx_word' id='word_1_354' title='bbox 927 3937 1035 4006; x_wconf 76' lang='lat' dir='ltr'>fastigio</span> <span class='ocrx_word' id='word_1_355' title='bbox 1053 3938 1087 3990; x_wconf 90' lang='lat' dir='ltr'>ad</span> <span class='ocrx_word' id='word_1_356' title='bbox 1102 3938 1236 4007; x_wconf 82' lang='lat' dir='ltr'>privatam</span> 
     </span>
     <span class='ocr_line' id='line_1_39' title="bbox 132 4002 1237 4080; baseline 0 -22"><span class='ocrx_word' id='word_1_357' title='bbox 132 4007 311 4060; x_wconf 82' lang='lat' dir='ltr'>condicionem</span> <span class='ocrx_word' id='word_1_358' title='bbox 328 4009 460 4062; x_wconf 79' lang='lat' dir='ltr'>redactum</span> <span class='ocrx_word' id='word_1_359' title='bbox 477 4010 637 4079; x_wconf 77' lang='lat' dir='ltr'>neglexeris,</span> <span class='ocrx_word' id='word_1_360' title='bbox 654 4011 700 4064; x_wconf 91' lang='lat' dir='ltr'>sed</span> <span class='ocrx_word' id='word_1_361' title='bbox 718 4025 794 4080; x_wconf 85' lang='lat' dir='ltr'>opem</span> <span class='ocrx_word' id='word_1_362' title='bbox 808 4002 911 4062; x_wconf 81' lang='lat' dir='ltr'>ferto.”</span> <span class='ocrx_word' id='word_1_363' title='bbox 946 4023 1013 4075; x_wconf 85' lang='lat' dir='ltr'>quse</span> <span class='ocrx_word' id='word_1_364' title='bbox 1026 4007 1071 4060; x_wconf 89' lang='lat' dir='ltr'>ilio</span> <span class='ocrx_word' id='word_1_365' title='bbox 1087 4024 1144 4060; x_wconf 88' lang='lat' dir='ltr'>cum</span> <span class='ocrx_word' id='word_1_366' title='bbox 1158 4006 1237 4059; x_wconf 85' lang='lat' dir='ltr'>leeri-</span> 
     </span>
    </p>
   </div>
   <div class='ocr_carea' id='block_1_5' title="bbox 129 4070 1238 4358">
    <p class='ocr_par' dir='ltr' id='par_1_16' title="bbox 129 4070 1238 4358">
     <span class='ocr_line' id='line_1_40' title="bbox 134 4070 1238 4148; baseline -0.001 -20"><span class='ocrx_word' id='word_1_367' title='bbox 134 4076 182 4128; x_wconf 86' lang='lat' dir='ltr'>mis</span> <span class='ocrx_word' id='word_1_368' title='bbox 200 4077 420 4143; x_wconf 65' lang='lat' dir='ltr'>disseminatas,</span> <span class='ocrx_word' id='word_1_369' title='bbox 446 4079 503 4133; x_wconf 86' lang='lat' dir='ltr'>eius</span> <span class='ocrx_word' id='word_1_370' title='bbox 519 4081 623 4133; x_wconf 85' lang='lat' dir='ltr'>nomine</span> <span class='ocrx_word' id='word_1_371' title='bbox 639 4081 746 4148; x_wconf 87' lang='lat' dir='ltr'>audito,</span> <span class='ocrx_word' id='word_1_372' title='bbox 770 4096 837 4148; x_wconf 84' lang='lat' dir='ltr'>equo</span> <span class='ocrx_word' id='word_1_373' title='bbox 855 4075 961 4133; x_wconf 86' lang='lat' dir='ltr'>desiluit</span> <span class='ocrx_word' id='word_1_374' title='bbox 976 4093 1009 4129; x_wconf 82' lang='lat' dir='ltr'>ac</span> <span class='ocrx_word' id='word_1_375' title='bbox 1027 4070 1135 4129; x_wconf 79' lang='lat' dir='ltr'>“beno‘’</span> <span class='ocrx_word' id='word_1_376' title='bbox 1153 4075 1238 4145; x_wconf 90' lang='lat' dir='ltr'>inquit</span> 
     </span>
     <span class='ocr_line' id='line_1_41' title="bbox 129 4139 1237 4212; baseline -0.001 -16"><span class='ocrx_word' id='word_1_377' title='bbox 129 4139 234 4200; x_wconf 78' lang='lat' dir='ltr'>“animo</span> <span class='ocrx_word' id='word_1_378' title='bbox 253 4155 325 4211; x_wconf 86' lang='lat' dir='ltr'>esto,</span> <span class='ocrx_word' id='word_1_379' title='bbox 346 4163 408 4200; x_wconf 83' lang='lat' dir='ltr'>rex:</span> <span class='ocrx_word' id='word_1_380' title='bbox 426 4157 473 4200; x_wconf 87' lang='lat' dir='ltr'>aut</span> <span class='ocrx_word' id='word_1_381' title='bbox 489 4149 556 4202; x_wconf 88' lang='lat' dir='ltr'>enim</span> <span class='ocrx_word' id='word_1_382' title='bbox 572 4151 600 4202; x_wconf 89' lang='lat' dir='ltr'>iu</span> <span class='ocrx_word' id='word_1_383' title='bbox 618 4149 773 4203; x_wconf 86' lang='lat' dir='ltr'>Parthorum</span> <span class='ocrx_word' id='word_1_384' title='bbox 790 4166 819 4200; x_wconf 90' lang='lat' dir='ltr'>re</span> <span class='ocrx_word' id='word_1_385' title='bbox 858 4163 898 4199; x_wconf 87' lang='lat' dir='ltr'>um</span> <span class='ocrx_word' id='word_1_386' title='bbox 915 4152 944 4197; x_wconf 85' lang='lat' dir='ltr'>te</span> <span class='ocrx_word' id='word_1_387' title='bbox 961 4145 1098 4212; x_wconf 87' lang='lat' dir='ltr'>reducam,</span> <span class='ocrx_word' id='word_1_388' title='bbox 1117 4153 1164 4197; x_wconf 91' lang='lat' dir='ltr'>aut</span> <span class='ocrx_word' id='word_1_389' title='bbox 1179 4162 1237 4196; x_wconf 89' lang='lat' dir='ltr'>meo</span> 
     </span>
     <span class='ocr_line' id='line_1_42' title="bbox 132 4211 1236 4288; baseline 0.003 -22"><span class='ocrx_word' id='word_1_390' title='bbox 132 4215 181 4268; x_wconf 91' lang='lat' dir='ltr'>tibi</span> <span class='ocrx_word' id='word_1_391' title='bbox 199 4211 317 4271; x_wconf 61' lang='lat' dir='ltr'>auam?</span> <span class='ocrx_word' id='word_1_392' title='bbox 354 4217 394 4270; x_wconf 87' lang='lat' dir='ltr'>iris</span> <span class='ocrx_word' id='word_1_393' title='bbox 412 4215 489 4270; x_wconf 85' lang='lat' dir='ltr'>dictis</span> <span class='ocrx_word' id='word_1_394' title='bbox 505 4217 619 4272; x_wconf 76' lang='lat' dir='ltr'>illumin</span> <span class='ocrx_word' id='word_1_395' title='bbox 638 4235 731 4288; x_wconf 87' lang='lat' dir='ltr'>equum</span> <span class='ocrx_word' id='word_1_396' title='bbox 749 4225 824 4271; x_wconf 88' lang='lat' dir='ltr'>sustu</span> <span class='ocrx_word' id='word_1_397' title='bbox 835 4217 871 4278; x_wconf 90' lang='lat' dir='ltr'>it,</span> <span class='ocrx_word' id='word_1_398' title='bbox 887 4216 946 4283; x_wconf 88' lang='lat' dir='ltr'>ipse</span> <span class='ocrx_word' id='word_1_399' title='bbox 963 4215 1044 4282; x_wconf 86' lang='lat' dir='ltr'>pedes</span> <span class='ocrx_word' id='word_1_400' title='bbox 1059 4224 1166 4268; x_wconf 83' lang='lat' dir='ltr'>secutus</span> <span class='ocrx_word' id='word_1_401' title='bbox 1183 4221 1236 4269; x_wconf 82' lang='lat' dir='ltr'>est.</span> 
     </span>
     <span class='ocr_line' id='line_1_43' title="bbox 132 4281 1235 4358; baseline -0.002 -20"><span class='ocrx_word' id='word_1_402' title='bbox 132 4285 281 4342; x_wconf 71' lang='lat' dir='ltr'>Artabanus</span> <span class='ocrx_word' id='word_1_403' title='bbox 298 4303 364 4344; x_wconf 81' lang='grc' dir='ltr'><strong><em>τοτο</em></strong></span> <span class='ocrx_word' id='word_1_404' title='bbox 380 4285 491 4358; x_wconf 81' lang='lat' dir='ltr'>iurauit,</span> <span class='ocrx_word' id='word_1_405' title='bbox 518 4287 570 4341; x_wconf 88' lang='lat' dir='ltr'>uisi</span> <span class='ocrx_word' id='word_1_406' title='bbox 588 4297 615 4342; x_wconf 86' lang='lat' dir='ltr'>et</span> <span class='ocrx_word' id='word_1_407' title='bbox 631 4288 676 4341; x_wconf 88' lang='lat' dir='ltr'>iile</span> <span class='ocrx_word' id='word_1_408' title='bbox 693 4303 787 4358; x_wconf 84' lang='lat' dir='ltr'>equum</span> <span class='ocrx_word' id='word_1_409' title='bbox 803 4281 999 4340; x_wconf 81' lang='lat' dir='ltr'>consuendisset</span> <span class='ocrx_word' id='word_1_410' title='bbox 1015 4293 1095 4356; x_wconf 83' lang='lat' dir='ltr'>atque</span> <span class='ocrx_word' id='word_1_411' title='bbox 1111 4284 1235 4350; x_wconf 83' lang='lat' dir='ltr'>anteiret,</span> 
     </span>
    </p>
   </div>
   <div class='ocr_carea' id='block_1_6' title="bbox 0 0 1530 4900">
    <p class='ocr_par' dir='ltr' id='par_1_17' title="bbox 0 0 1530 4900">
     <span class='ocr_line' id='line_1_44' title="bbox 0 0 1530 4900; baseline 0 5"><span class='ocrx_word' id='word_1_412' title='bbox 0 0 1530 4900; x_wconf 95' lang='lat' dir='ltr'> </span> 
     </span>
    </p>
   </div>
  </div>
 </body>
</html>
