3050 4900
296 310 373 391 coo
603 279 608 308 ‘
773 316 927 386 noran.

296 493 490 561 commodent
519 495 695 581 wriptcresa
728 496 812 583 qnod
838 498 963 583 quidem
990 496 1023 560 in
1048 497 1149 577 lictis,
1182 518 1256 582 quas
1282 495 1334 559 hie
1357 502 1390 559 in

294 604 437 667 praesens
457 582 592 661 edimus,
623 605 678 667 pru
697 584 778 645 virili
798 587 1018 666 praestitimus,
1048 586 1083 643 in
1100 586 1139 645 iis
1159 588 1295 645 maxime
1316 605 1392 667 quae

294 673 479 753 Byzantinus
512 667 655 731 historiae
687 669 884 731 illustrandas
917 669 1104 747 couduouut3
1147 669 1393 753 quandoquidem

294 754 387 817 hosce
414 756 547 817 Anndes
574 756 762 836 publicamus
788 758 913 817 caeteris
938 776 1039 815 rorum
1059 758 1295 835 byzantinorum
1315 759 1393 817 scri·

293 842 429 922 ptoribus
452 844 533 923 typis
555 842 655 919 Regiis
675 839 822 902 hactenus
842 844 993 923 expressis
1014 839 1230 919 adiungendos.
1271 860 1342 901 nam
1359 852 1395 901 ut
1507 865 1508 906 t

293 925 518 1007 Theophanem
538 944 573 985 no
592 928 676 986 illins
698 928 943 1004 continuatores,
973 928 1026 987 rel
1046 929 1100 1008 qui
1119 938 1154 986 ut
1173 930 1308 987 Zonaras
1326 930 1394 987 An-

293 1012 380 1073 nales
409 1032 428 1071 a
454 1008 561 1075 mundi
587 1010 711 1073 conditu
739 1010 779 1072 ad
805 1031 860 1072 sua
882 1023 1032 1093 tempora,
1062 1012 1124 1070 alia
1141 1013 1219 1073 forte
1238 1008 1392 1089 methodo,

291 1094 515 1177 perduxerunt,
552 1096 729 1177 Geor'gium'
751 1096 938 1176 cedrenum,
975 1097 1141 1177 Georgium
1175 1098 1394 1173 llamartolum,

293 1182 477 1263 symeonem
508 1180 728 1263 hogcthetsm,
769 1186 914 1245 loannem
949 1182 1122 1264 Scylitzen,
1163 1182 1393 1243 communen

292 1268 480 1344 hiaussscm,
516 1267 699 1328 blichaelcna
733 1268 877 1351 Glycona,
911 1269 1026 1329 luelem
1056 1276 1088 1326 at
1117 1268 1193 1328 alios
1222 1267 1394 1328 istiusmodi

293 1372 364 1413 cum
389 1354 456 1433 ipso
481 1352 600 1413 Zonara
625 1374 846 1435 compararem,
877 1354 1025 1415 absonum
1044 1372 1166 1433 pmrsus
1185 1354 1287 1415 vnum
1306 1364 1394 1431 asset,
1507 1413 1508 1416 ,

292 1456 363 1503 uum
384 1440 457 1498 satis
478 1446 508 1497 ct
528 1436 725 1516 abundesit,
749 1441 778 1501 si
798 1458 876 1521 qnae
896 1449 968 1500 suut
988 1448 1074 1499 extra
1091 1457 1182 1501 usum
1203 1457 1395 1499 communem

293 1524 344 1585 rel
366 1542 385 1582 a
405 1522 530 1587 caeteris
550 1526 679 1601 intacta,
699 1526 733 1585 in
752 1528 846 1587 Notas
866 1525 1048 1600 relemntur,
1068 1542 1110 1583 ex
1131 1523 1241 1606 quibus
1258 1526 1394 1604 scriptori

292 1604 533 1690 tuscumque
562 1609 716 1689 affulgeat.
758 1612 821 1671 iam
849 1630 921 1674 reru
942 1630 1014 1670 cum
1033 1611 1067 1668 in
1087 1610 1255 1670 universam
1273 1611 1395 1690 Byzan-

292 1694 389 1758 finem
417 1690 576 1755 historiam
606 1706 786 1776 perpetuos,
816 1704 852 1755 ut
880 1698 925 1756 ita
952 1694 1069 1771 dicam,
1100 1714 1156 1754 sen
1183 1696 1239 1776 qul
1268 1696 1393 1775 singulis

292 1778 377 1846 illius
405 1780 599 1867 scriptoribus
627 1782 723 1861 aptari
750 1782 884 1863 possint,
915 1780 1142 1841 commentarios
1171 1776 1300 1838 antehac
1328 1778 1394 1837 edi-

293 1860 408 1939 derim,
436 1862 553 1925 duobus
574 1864 734 1949 publicatis
754 1866 976 1943 voluminibus,
998 1884 1128 1947 qnorum
1147 1864 1276 1924 alterum
1293 1866 1395 1923 Fami-

291 1948 351 2019 lias
378 1952 530 2031 Augustas
551 1960 581 2010 et
600 1952 785 2015 Dalmaticas
809 1972 871 2015 una
892 1972 962 2011 cum
982 1952 1064 2009 urbIs
1085 1950 1262 2029 (ipolitanao
1283 1948 1396 2009 descri-

290 2037 411 2119 ptione,
434 2037 562 2099 altanum
583 2034 702 2100 mediae
722 2046 753 2100 et
772 2038 894 2101 luiimse
913 2037 1090 2094 Graecitatis
1108 2034 1296 2094 Glossarium
1311 2054 1397 2094 com·

290 2122 459 2207 plectatur,
488 2123 521 2183 in
549 2140 610 2203 quo
635 2140 697 2183 non
721 2121 811 2183 modo
830 2122 978 2181 vocabula
998 2120 1211 2181 mixobarbara
1230 2119 1287 2180 sed
1306 2121 1397 2180 etiam

292 2202 455 2285 dignitates
482 2206 634 2289 palatinas
661 2208 808 2267 militares
834 2206 1054 2268 ecclesiasticae
1082 2213 1112 2264 et
1134 2208 1318 2265 monasticae
1338 2226 1397 2265 ex·

291 2288 464 2368 plicantur,
500 2310 596 2352 unum
626 2302 780 2375 supererat
810 2303 846 2353 nt
875 2294 939 2353 sola
969 2289 1115 2351 duntaxat
1142 2290 1224 2350 facta
1251 2292 1397 2351 illustrari

290 2391 381 2456 posse
413 2375 581 2438 arbitrarer.
624 2376 706 2460 quod
735 2376 860 2461 quidem
887 2379 931 2438 ita
959 2397 977 2438 a
1004 2395 1054 2436 me
1081 2378 1261 2458 praestitum
1282 2387 1330 2436 est
1351 2386 1396 2454 nt,

292 2459 321 2522 si
340 2455 416 2538 quid
435 2459 468 2516 in
487 2479 581 2538 supra
600 2469 775 2526 memoratis
791 2463 1050 2525 lucubrationibus
1068 2459 1247 2539 excidisset,
1267 2461 1397 2522 subinde

292 2551 483 2618 annotarem,
516 2541 608 2628 idque
636 2566 727 2630 saepe
755 2569 796 2614 ex
823 2549 1018 2631 scriptoribus
1044 2545 1182 2625 ineditis,
1212 2565 1253 2609 ne
1278 2549 1329 2608 rel
1356 2566 1398 2607 ex
1507 2628 1508 2631 Ἴ

292 2629 409 2694 incuria
436 2635 538 2694 nostra
567 2627 618 2692 vel
643 2649 684 2694 ex
710 2634 877 2694 memoriae
900 2637 990 2718 lapsu
1012 2631 1205 2714 dispendium
1222 2633 1319 2694 lector
1338 2652 1396 2713 pa·

292 2715 394 2781 tiatur,
437 2711 492 2780 sad
527 2723 557 2774 et
591 2715 689 2780 varias
719 2713 873 2784 interdum
901 2719 1045 2778 lectiones
1074 2735 1117 2778 ex
1140 2721 1276 2779 Zousrm
1300 2737 1395 2777 mauu

294 2797 452 2885 descriptis
482 2797 652 2876 codicibus,
684 2819 758 2883 quos
779 2798 882 2870 videre
904 2804 1045 2890 configit,
1075 2801 1203 2864 saonae
1222 2805 1393 2878 mennas,

290 2887 510 2966 praetermissis
541 2888 656 2950 interea
689 2887 865 2968 synonymis
893 2896 1039 2969 tanquam
1069 2888 1184 2948 nulllus
1211 2886 1393 2967 compendit,
1507 2888 1508 2941 ξ

292 2967 376 3050 quod
399 2981 482 3034 etse
503 2971 611 3030 fecisse
630 2972 787 3051 profitetur
806 2971 939 3037 Wolfius
959 2973 1125 3058 interpres;
1155 2974 1239 3033 unlus
1259 2975 1394 3054 alioquin

291 3055 385 3121 Notas
410 3055 504 3135 priori
529 3053 653 3120 editirmi
676 3053 812 3116 subditas
833 3077 903 3123 cum
923 3059 1034 3125 uostris
1055 3056 1106 3117 edi
1125 3059 1189 3120 suls
1210 3059 1285 3118 locis
1307 3077 1395 3117 cura-
1507 3100 1508 3115 ,

293 3140 409 3214 rimus,
436 3140 537 3198 littera
557 3142 688 3206 nominis
709 3141 818 3200 initiali
839 3143 884 3202 W
904 3141 1066 3220 indicatas,
1086 3145 1303 3224 praetenuissis
1324 3147 1395 3226 qul·.
1507 3150 1508 3153 ’

291 3223 423 3290 busdam
441 3225 611 3290 inutilibus·
653 3238 743 3308 atqua
764 3225 822 3290 hae
843 3225 968 3309 quidem
987 3231 1120 3309 priorem
1139 3229 1302 3291 Annalium
1322 3249 1395 3309 par-
1507 3266 1508 3271 κ

291 3319 356 3378 tem
388 3321 418 3376 ct
449 3311 574 3376 alteram
601 3330 697 3393 nsque
723 3310 763 3376 ad
789 3313 1020 3378 Constantinum
1039 3316 1185 3402 Magnum
1205 3316 1396 3416 potissimum

292 3406 447 3478 spectant,
488 3395 542 3460 ubi
570 3397 663 3477 poulo
690 3398 773 3464 visus
802 3409 848 3461 est
876 3401 1042 3460 accuratior
1069 3419 1163 3480 quam
1191 3401 1225 3458 in
1252 3403 1291 3460 als
1317 3419 1396 3482 quae
1507 3390 1508 3419 ’

291 3483 527 3564 Byzantincrum
550 3483 767 3564 imperatorum
787 3481 929 3550 historiae
950 3495 1035 3546 erant
1054 3486 1249 3561 subiunctas,
1280 3487 1314 3543 in
1335 3505 1395 3567 qua

292 3571 394 3636 minut
424 3569 569 3632 scientem
597 3569 691 3634 fuisse
718 3571 821 3651 palam
852 3579 915 3650 est,
944 3567 1026 3652 qnod
1054 3581 1084 3628 et
1110 3573 1240 3655 ipsemet
1264 3571 1397 3649 ingenue
1507 3628 1508 3649 ᾖ

292 3655 447 3734 agnoscit,
479 3651 735 3736 quomadmodum
764 3665 795 3716 et
819 3653 975 3742 Xylander
1001 3657 1033 3714 in
1059 3658 1144 3721 Notis
1165 3653 1206 3716 ad
1225 3653 1397 3715 cedrenum
1507 3662 1508 3707 i

292 3739 420 3818 singuhs
450 3739 514 3804 fers
542 3739 632 3817 locis,
665 3743 719 3821 qui
745 3761 793 3801 res
820 3742 1003 3827 Byzantinos
1032 3752 1183 3826 spectent,
1214 3761 1278 3801 non
1303 3740 1396 3802 modo

292 3821 441 3890 haesitare
470 3825 601 3904 cogitur,
636 3823 692 3884 sed
717 3825 830 3894 latetur
857 3829 937 3887 ultru
964 3846 1074 3887 vocum
1102 3828 1161 3887 sibl
1190 3827 1396 3902 insolentium,

292 3912 404 3990 partim
431 3907 627 3995 hybridamm
653 3930 688 3982 ac
716 3907 961 3998 μιξοβαρβᾶρων,
990 3913 1100 3998 partim
1120 3931 1242 3996 prorsus
1263 3922 1293 3971 et
1313 3911 1396 3996 apud

292 3995 417 4060 Latinos
446 4005 477 4060 et
505 3996 587 4078 apud
615 3997 744 4058 Graecos
773 4001 1011 4078 peregrinarum,
1039 3999 1177 4062 notiones
1197 4004 1318 4078 ignotas
1338 4017 1395 4059 nec

294 4081 367 4142 alibi
386 4083 495 4144 lectas:
524 4079 607 4164 qnod
625 4100 686 4142 non
708 4086 832 4146 omnino
849 4082 1038 4159 mirandum,
1065 4081 1215 4165 siquidem
1237 4081 1296 4141 hac
1314 4092 1394 4142 tem·

293 4179 410 4246 pestate
437 4169 516 4230 nulli
544 4178 608 4232 tum
635 4169 697 4228 lere
724 4177 825 4227 essent
853 4165 928 4227 editi
949 4170 1134 4252 Byzantinus
1153 4167 1299 4227 historiae
1319 4171 1391 4228 scri-

292 4262 411 4330 ptores,
442 4263 472 4318 ct
501 4255 532 4317 in
554 4255 593 4314 iis
613 4251 799 4318 illustrandis
820 4273 911 4317 nemu
931 4273 972 4318 cx
991 4264 1038 4321 tot
1057 4254 1129 4318 viris
1148 4251 1274 4320 eruditis
1295 4251 1390 4316 stulu

292 4354 347 4394 sua
367 4333 513 4396 hactenus
535 4337 712 4398 contulerat.
754 4339 949 4402 nucumve.
