3050 4900
500 328 714 397 manum
737 330 789 398 111
813 333 868 399 10.
1163 332 1238 405 245

128 538 235 581 στασιν
252 515 304 579 καλ
320 511 377 597 τήν
391 510 468 601 πρδς
482 513 555 593 τοδς
571 510 702 596 κόλπους
717 518 789 597 τοὺς
804 516 970 606 πατρικοὺς
985 514 1115 600 άνοδον,
1140 510 1183 587 ὧν
1201 521 1237 587 οδ

127 613 294 702 κεχώριστο
326 613 461 697 πώποτε,
498 622 550 684 καὶ
579 620 635 704 τὴν
661 628 717 687 τοῦ
742 619 938 709 παρακλήτου
965 623 1153 711 ἐπιφοίτησιν
1184 626 1236 691 καί

128 722 221 785 θείαν
236 720 390 785 ἐπίπνοιαν
406 719 434 784 oi
452 720 526 808 ἱεροὶ
544 722 639 791 αὐτοῦ
661 729 802 809 μαθηταὶ
825 728 857 793 ἐν
868 722 1068 813 Ἰερουσαλήμ
1091 725 1126 792 ad
1148 732 1236 793 θεῖον

129 822 353 907 διαγγέλλοντες
377 821 549 909 εδαγγέλιον
570 830 622 891 καί
646 826 682 893 sd
708 827 850 917 κήρυγμα
876 825 1068 911 πιστοάμενοι
1093 826 1235 913 θαάμασι
1252 814 1290 869 w
1305 814 1321 871 ¹
1335 813 1372 873 ⁹⁸

102 928 180 991 bani
197 924 306 1009 πλήθη
322 925 495 1011 ἀνθρώπων
511 926 710 1013 ἐπισπώμενοι
727 933 805 1019 πρὸς
819 931 874 1017 τήν
890 933 1047 1017 ἐπίγνωσιν
1069 940 1125 999 τοῦ
1141 932 1237 1013 ὄντας
1253 888 1279 943 c

128 1033 218 1107 θεοῦ,
236 1025 442 1115 διεσπάρησαν
460 1032 503 1107 εἰς
518 1032 556 1097 τὰ
573 1032 649 1117 ἐθπή
666 1036 717 1099 καί
735 1042 832 1101 ταῦτα
848 1033 1011 1123 ἐφάτισαν.
1062 1041 1151 1104 τοῦτο
1169 1040 1235 1103 τοί·

127 1156 183 1197 νυν
200 1128 217 1196 d
235 1127 418 1217 ἀρχάγγελος
434 1136 596 1220 προδηλῶν
611 1144 656 1227 τῷ
671 1135 815 1226 προφήτῃ
831 1137 951 1223 Δανιὴλ
967 1138 1047 1225 ἐλεγε
1066 1134 1235 1223 “duranni-

126 1256 173 1301 σει
190 1231 346 1319 διαθήκην
362 1241 485 1315 πολλοῖς
502 1236 637 1323 ἑβδομὰς
652 1242 709 1322 μία
716 1240 750 1319 ‚”
778 1241 845 1307 άντί
862 1248 936 1322 τοῦ,
962 1238 1090 1325 δύναμιν
1106 1242 1233 1330 περιζώ-

128 1360 175 1403 σει
201 1336 333 1414 πολλούς
339 1386 350 1417 ,
376 1339 448 1417 τοὺς
469 1343 617 1427 μαθητάς
639 1339 768 1429 δηλαδή.
817 1343 871 1410 τάν
892 1371 924 1410 τε
947 1345 1007 1431 πρὸ
1030 1351 1086 1411 τοῦ
1110 1344 1235 1424 πάθους

85 1445 186 1507 1οτοὕ
201 1443 306 1528 κυρίου
320 1439 432 1528 χρόνον
448 1446 499 1509 καὶ
515 1444 569 1513 τὸν
584 1446 662 1529 μετὰ
678 1445 712 1512 ud
731 1443 850 1527 πάθος,
867 1451 946 1513 καθ’
965 1446 1001 1514 δν
1016 1445 1162 1537 πρότερον
1177 1451 1234 1535 μίν

129 1544 163 1607 ἐν
174 1539 373 1629 Ἰερουσαλήμ
389 1549 574 1632 προσέμενον
591 1552 641 1615 καί
658 1547 825 1636 ἐκήρυσσον
849 1551 879 1617 oi
895 1547 1075 1631 ἀπόστολοι,
1102 1550 1166 1619 alra
1181 1554 1233 1619 καί

128 1648 173 1722 είς
188 1647 227 1711 τά
243 1654 297 1731 τῆς
320 1648 496 1733 οέκουμίνης
517 1650 679 1739 περιῄεσαν
702 1654 838 1741 τίρματα
862 1655 1112 1745 καέιέδίδασκον,
1138 1652 1233 1724 συνά-

126 1766 211 1832 ψας,
235 1742 327 1827 αὖθις
344 1754 459 1839 διαιρεῖ
470 1755 526 1837 τήν
542 1751 702 1838 ἐβδομάδα
717 1755 830 1841 ταύτην
846 1758 940 1844 λίγων
951 1755 1024 1823 “καί
1041 1761 1073 1825 ἐν
1090 1764 1136 1848 τῷ
1157 1756 1230 1842 ήμί-
1246 1763 1272 1817 Ι)
1320 1814 1334 1849 ρ

127 1876 174 1919 σει
190 1858 246 1937 τῆς
271 1850 444 1938 ἑβδομάδος
467 1856 638 1944 ἀρθήσεται
663 1861 760 1925 θυσία
784 1862 836 1925 καί
860 1857 977 1939 σπονδή
984 1861 1019 1939 ,³³
1048 1860 1100 1925 διά
1125 1855 1235 1925 τοάτου

87 1958 344 2043 παρασημαίνων
360 1958 415 2041 τήν
432 1966 552 2026 παῦλαν
568 1969 622 2047 τῆς
637 1969 693 2029 τοῦ
708 1959 804 2046 νόμου
822 1969 920 2039 σκιάς.
966 1958 1030 2026 εέτα
1047 1957 1150 2045 ἐπάγει
1161 1957 1236 2026 “aul

125 2060 174 2124 ίπί
191 2061 226 2125 τδ
246 2059 328 2144 ἱερὸν
343 2062 501 2147 βδίλυγμα
517 2070 572 2147 τῆς
589 2063 796 2150 {squaleant-3²
847 2063 965 2131 sedator
981 2060 1042 2150 γάρ
1060 2086 1135 2151 φησι
1152 2088 1235 2149 γινο-

123 2162 223 2243 μένιον
240 2162 276 2227 τὸ
293 2166 364 2249 πρὶν
381 2162 466 2249 άγιον
482 2167 533 2229 καὶ
550 2166 718 2249 σεβάσμιον
735 2168 815 2254 ίερδυ
831 2168 990 2252 βδέλυγμιι
1002 2163 1233 2252 λογισθήσεται·

122 2260 145 2347 ή
172 2263 220 2329 ὅτι
246 2266 324 2347 μετὰ
346 2265 401 2349 τὴν
419 2268 593 2333 τελευταίαν
609 2264 769 2351 ἑβδομάδα
786 2266 900 2355 ταύτην
914 2267 1071 2355 βδέλυγμά
1086 2293 1115 2334 τι
1132 2269 1180 2333 ἐπί
1196 2266 1232 2336 sd

123 2366 207 2452 ἱερὸν
232 2365 467 2452 είσαχθήσεται,
493 2378 617 2454 σημείου
643 2376 698 2454 τῆς
721 2374 815 2436 αὐτοῦ
841 2397 872 2437 τε
889 2374 941 2437 καὶ
957 2380 1011 2456 τῆς
1027 2370 1144 2450 πόλεως
1159 2372 1232 2462 ἐρή-

82 2465 263 2554 murionum.
311 2469 329 2533 δ
353 2471 402 2537 ἐπί
417 2468 557 2538 Πιλάτου
578 2473 697 2558 γέγονε,
721 2476 855 2559 σημαίας
879 2472 996 2562 νδκιοιρ
1020 2474 1234 2562 εἰσαγαγόντος

124 2569 242 2650 είκάνας
265 2569 394 2656 ἐχοάσας
418 2571 597 2657 βασιλικάς,
629 2575 667 2642 αθ
688 2585 750 2654 τοῖς
771 2576 929 2655 Ἰουδαίοις
950 2579 1109 2664 βδίλυγμα
1134 2579 1231 2665 ἐλογί-

124 2677 226 2755 ζοντο·
252 2675 395 2763 ἀπείρητο
418 2677 478 2763 γὰρ
502 2677 605 2757 αὐτοῖς
621 2677 817 2768 ἀνθρωπίνην
832 2677 934 2746 alaisa
949 2678 971 2763 ἢ
988 2677 1066 2758 ζάου
1083 2680 1165 2757 τινὸς
1179 2706 1230 2746 κε-
1246 2696 1269 2751 P
1284 2695 1300 2752 l
1317 2695 1369 2756 138

124 2783 258 2862 κτῇσθαι
279 2776 300 2863 il
324 2781 375 2845 καί
396 2777 592 2865 σεβάζεσθαι.
642 2784 693 2847 καὶ
717 2777 733 2846 ὅ
751 2779 857 2868 κάρτος
873 2781 910 2846 δέ
925 2777 1023 2846 “drus
1039 2779 1145 2863 ilina?
1170 2777 1231 2846 εέπε

193 2933 307 3004 birros
321 2939 355 2996 A.
459 2941 494 2996 17
512 2933 532 2995 ii
549 2958 593 2996 ιον
611 2935 687 3007 ίεοδν
703 2934 919 3009 salsedinem
935 2939 970 2994 Δ.
1062 2939 1099 2995 20
1114 2930 1162 2995 int
1177 2941 1232 2998 soti

190 3006 312 3064 πιλοίτου
329 3011 362 3064 Δ.
465 3011 502 3066 λδ
535 3027 588 3065 ταν
605 3009 698 3079 ίδητε]
716 3009 815 3064 Mattb.
830 3007 866 3062 ii
893 3009 938 3065 1⁵.

125 3153 154 3202 et
164 3147 314 3202 adscensum
325 3147 351 3201 in
362 3147 447 3200 dnum
456 3149 611 3218 paternum,
633 3163 653 3200 a
661 3161 713 3218 quo
730 3163 861 3232 nunquam
872 3147 1010 3232 separatus
1021 3145 1087 3214 ruit,
1107 3151 1136 3200 et
1146 3161 1227 3218 para-

119 3217 186 3288 ⁸oleti
199 3216 377 3272 visitationem
385 3216 553 3289 divinumque
564 3216 696 3282 afflatum,
715 3226 801 3270 sancta
815 3215 872 3270 eius
883 3214 1021 3285 discipuli,
1041 3233 1098 3270 oum
1109 3216 1226 3270 divinum

123 3286 289 3356 *evangelium
301 3286 491 3355 Hierosolymis
503 3285 701 3340 annuntiassent
716 3292 745 3338 at
755 3285 979 3355 praedieationem
990 3285 1121 3338 miraculis
1132 3285 1227 3338 ooufir-

126 3363 241 3409 musseut
251 3363 279 3409 et
288 3357 381 3409 turbas
393 3356 523 3408 bominum
541 3354 575 3407 ad
592 3355 650 3409 reri
661 3354 704 3408 dai
716 3353 877 3436 agnitionem
889 3355 1077 3422 attraxissent,
1096 3353 1123 3404 in
1134 3361 1229 3436 gentes

125 3425 238 3494 dispersi
253 3432 316 3478 sunt
333 3441 431 3495 easque
444 3422 627 3476 illuminarunt.
661 3422 710 3476 boc
729 3423 812 3491 rgitur
823 3423 996 3544 arobanffielus
1012 3422 1229 3494 praesignificans

125 3493 230 3546 Danieli
239 3494 382 3564 propbetas
394 3493 432 3546 ait
440 3485 621 3546 “confirmabit
631 3497 815 3546 testamentum
827 3493 915 3546 multis
945 3491 1068 3546 ebdomas
1080 3485 1167 3557 una,’'
1179 3490 1230 3544 boo

125 3569 179 3630 est,
199 3563 271 3616 vires
283 3568 408 3632 suggeret
418 3560 520 3628 multis,
539 3561 672 3632 discipulis
682 3561 811 3614 nimirum.
846 3579 877 3614 ac
889 3565 991 3646 tempus
1003 3569 1181 3628 antegressum
1201 3564 1230 3613 et

124 3639 291 3686 eormeoutnm
302 3631 448 3700 passionem
466 3629 563 3682 domini
581 3631 743 3699 complexus,
761 3646 814 3699 quo
830 3631 903 3700 prius
916 3627 1107 3698 Hierosolymis
1124 3625 1230 3698 praedi-

124 3702 222 3754 cabant
233 3718 248 3753 a
267 3699 357 3768 ostoli,
389 3705 432 3752 ost
442 3699 522 3752 etiam
534 3699 605 3752 orbis
616 3707 746 3752 terrarum
757 3701 939 3754 extremitates
950 3702 1078 3753 obeuntes
1090 3692 1228 3765 docebant,

122 3785 185 3823 mox
195 3719 305 3822 eandem
315 3719 499 3822 hebdomadem
511 3768 606 3822 dividit
616 3767 656 3820 his
671 3768 760 3821 verbis
769 3761 814 3822 ‘'in
824 3769 932 3824 semisse
942 3762 1110 3847 hebdomadis
1121 3766 1231 3820 tolletur

123 3836 284 3890 sacrificium
300 3845 328 3890 et
343 3837 435 3891 libatio
440 3833 469 3891 =”
505 3854 539 3890 uo
554 3836 672 3890 declarat
687 3837 764 3890 δοοτιι
776 3840 883 3892 umbrae
898 3838 974 3908 legis.
1010 3832 1104 3888 δοιπδα
1122 3835 1231 3889 subiicit

119 3901 172 3959 “et
183 3921 264 3975 super
282 3905 402 3976 templum
420 3907 576 3961 abominatio
598 3899 758 3961 vasdtatis?
793 3924 851 3961 uam
865 3925 922 3961 euro
939 3909 1019 3971 haee,
1036 3902 1124 3970 iuquit
1154 3903 1207 3958 fieu

123 3974 249 4045 templum
258 3974 356 4044 pridem
371 3983 488 4030 asomum
509 3983 537 4028 et
555 3975 709 4030 venerabile
724 3977 884 4031 abominatio
902 3973 1076 4029 iudicabitur:
1096 3987 1114 4025 v
1158 3987 1210 4041 qno

123 4053 188 4116 post
205 4043 391 4130 bebdomadem
404 4046 475 4130 bane
487 4053 629 4130 entremam
645 4045 741 4118 aliquid
754 4046 927 4100 abominabile
939 4040 1230 4128 intemplumjntrodm

123 4121 203 4237 {tiz
213 4129 359 4237 ¹303in
377 4116 764 4253 billztbtlsllllt
780 4109 1167 4254 btltlllltlttttlb
1182 4125 1229 4232 δ’

125 4251 263 4307 eminendo
280 4259 369 4316 erant,
385 4269 444 4305 euru
460 4253 628 4307 interdictum
648 4261 720 4308 esset
731 4270 764 4305 ne
775 4269 852 4322 quam
866 4251 1005 4317 imaginem
1016 4249 1075 4302 sive
1094 4247 1230 4302 bumansm

124 4321 181 4377 sire
198 4321 320 4379 mimalia
332 4319 443 4374 abanim
459 4319 588 4375 baberent
602 4328 649 4377 sut
666 4319 792 4377 colerent.
826 4318 947 4399 domiuus
962 4319 1026 4375 item
1039 4311 1126 4374 “ubi”
1144 4317 1232 4390 iuquit
