3050 4900
515 353 762 426 PRAEFATIO.
1134 383 1195 432 ιιι

95 557 159 606 esse
172 551 204 604 et
216 541 295 608 rulo
308 552 338 606 et
347 541 442 610 volui.
493 545 608 610 rebem
619 543 766 631 equidem
776 541 811 609 id
823 567 891 612 sura
900 543 994 613 laude
1005 567 1078 613 urea
1090 550 1194 637 potius

94 653 123 706 et
133 645 230 724 gloria
243 645 313 709 lieri
326 646 443 734 (neque
455 647 540 712 enim
551 669 690 714 umorem
700 649 800 714 nostri
811 651 851 714 ab
862 652 932 739 ipsa
943 662 1052 716 natura
1063 652 1196 718 insitum

91 748 177 834 piam
191 749 396 834 abiecimus),
411 751 467 815 sed
482 752 595 818 siletis
609 753 812 821 cliterrisuru
820 766 887 837 eat,
901 756 961 821 boc
970 757 1195 843 quoqneaeqni

91 853 224 937 bonique
236 851 411 918 faciendum
424 857 492 920 erit.
996 873 1000 882 ·

188 955 286 1042 Atque
304 959 382 1022 haec
401 957 440 1023 de
458 971 582 1026 auctore
595 972 627 1025 et
640 961 813 1048 argumenti
824 981 938 1045 genere
951 973 983 1026 et
996 983 1091 1052 opera
1104 981 1195 1027 mea:

87 1079 167 1121 nunc
179 1057 217 1122 ad
229 1080 301 1125 eam
312 1063 513 1151 praefationis
525 1075 647 1153 partem
660 1063 867 1131 accedendum
880 1077 943 1147 est,
957 1067 1063 1152 inqua
1076 1065 1195 1152 alioqui

86 1163 211 1226 multum
233 1164 350 1230 sudare
370 1169 497 1248 solitus,
526 1166 609 1254 quod
633 1172 765 1234 verebar
783 1191 827 1234 ne
844 1172 897 1234 rel
917 1171 952 1233 in
972 1171 1193 1235 assentationis

87 1268 293 1352 suspicionem
314 1271 588 1338 commemorando
610 1275 662 1340 rel
681 1275 714 1336 in
737 1275 940 1357 negligentiae
960 1275 1076 1338 crimen
1096 1271 1193 1338 dissi-

86 1370 225 1436 mulando
248 1375 410 1440 venirem:
436 1398 516 1440 nunc
537 1389 570 1440 ut
590 1377 734 1443 liberiore
748 1377 810 1442 sim
823 1379 945 1458 animo,
969 1391 1022 1440 tua
1036 1375 1194 1442 modestia

85 1475 131 1536 vel
146 1477 251 1562 potius
272 1477 455 1560 magnitudo
470 1481 568 1544 enimi
581 1481 670 1562 iecit,
696 1502 755 1566 que
769 1479 804 1545 id
815 1482 855 1544 ab
867 1484 994 1546 ineunte
1007 1493 1109 1545 aetate
1122 1501 1193 1544 me-

86 1574 190 1644 ditatus
219 1601 296 1647 esse
322 1581 439 1649 videris
464 1582 549 1670 quod
568 1583 651 1673 epud
673 1583 856 1650 Ciceronem
877 1584 1017 1672 Scipioni
1041 1583 1192 1650 divinitus

84 1685 281 1770 praecipitur,
296 1697 333 1749 ut
348 1690 409 1751 alte
424 1699 565 1776 spectans
581 1701 673 1775 etque
686 1688 727 1753 ed
742 1691 909 1754 caelestem
923 1687 1032 1752 sedem
1045 1701 1078 1753 et
1089 1699 1192 1751 aeter-

83 1805 148 1848 nam
162 1786 300 1853 domum
315 1804 482 1873 contuens,
505 1813 604 1878 neque
617 1795 814 1859 sermonibus
826 1794 916 1874 rulgi
930 1791 1054 1857 dederis
1066 1806 1114 1869 te,
1135 1809 1194 1852 nec

82 1885 109 1948 in
127 1893 282 1976 praemiis
304 1894 450 1959 humenis
469 1917 558 1984 spem
572 1899 713 1983 posueris
727 1907 986 1970 resumtum,
1012 1893 1068 1955 sed
1082 1891 1149 1953 suis
1163 1903 1194 1952 te

80 1991 229 2060 illecebris
253 1997 323 2086 ipse
345 2001 443 2066 virtus
465 2002 593 2066 traxerit
615 1999 655 2064 ed
677 2023 789 2068 verum
810 1998 924 2063 decusa
948 1991 1070 2056 utillud
1084 1989 1194 2058 Greeci

79 2108 185 2180 poetes
201 2097 246 2164 de
260 2113 291 2164 te
305 2101 365 2166 dici
377 2105 479 2192 possis
535 2104 538 2110 ’

287 2221 321 2281 ud
338 2224 392 2297 peip
410 2229 506 2282 dessio
522 2223 638 2296 deseror
653 2221 716 2282 ἀλλ’
735 2221 810 2281 sirus
825 2222 925 2295 ddisse,

290 2311 417 2382 βαθεῖαν
434 2305 525 2365 diosc
542 2307 593 2366 dccl
611 2313 721 2382 peresis
735 2309 934 2382 καρπούμενος,

290 2389 320 2462 li
337 2384 372 2466 ἦε
388 2389 426 2451 rei
441 2391 527 2453 usse
544 2393 689 2468 pierreius
706 2394 891 2471 dcundum.

79 2510 186 2593 quibus
202 2511 348 2573 versibus
360 2504 394 2571 id
407 2510 595 2597 Amphiarau
610 2530 666 2575 suo
681 2514 786 2576 tribuit
799 2514 986 2597 Aeschylus,
1005 2524 1040 2575 ut
1052 2512 1188 2576 aitirmet
1234 2518 1240 2531 ’

79 2632 144 2676 eum
157 2614 267 2680 virum
279 2614 433 2700 optimum
446 2632 513 2677 esse
525 2616 618 2679 malle
631 2636 724 2700 quam
737 2616 856 2697 videri,
879 2618 966 2680 euius
978 2617 1101 2679 animus
1115 2627 1189 2677 tan-

80 2736 167 2799 quam
179 2736 257 2797 eger
267 2714 415 2781 fecundus
429 2730 460 2781 et
472 2720 567 2804 probe
583 2718 742 2798 subactus,
757 2722 915 2806 conceptis
926 2721 1076 2783 virtutum
1090 2719 1190 2779 semi-

81 2820 180 2901 nibus,
208 2821 414 2886 bonestorum
434 2822 635 2885 consiliorum
652 2834 778 2907 et-quee
791 2822 866 2884 inde
881 2824 1021 2885 oriuntur
1033 2818 1190 2879 actionum

83 2922 234 3005 quendem
258 2926 347 3009 quasi
367 2936 505 3007 segetem
523 2927 670 3010 proferas.
722 2944 802 3009 quse
821 2924 851 2987 si
868 2944 925 3009 per
939 2940 1065 2985 omnem
1078 2922 1188 2985 estatis

84 3035 148 3089 tuee
165 3026 347 3108 decursum,
374 3049 468 3115 quem
480 3028 525 3089 ita
538 3026 718 3091 moderatus
730 3048 765 3091 es
781 3040 814 3091 ut
827 3015 961 3091 honesta
975 3026 1098 3105 negotia
1113 3045 1187 3088 sue-

84 3128 207 3196 rissimo
221 3132 288 3197 otio
302 3152 425 3219 semper
437 3132 667 3217 anteposueris,
681 3132 860 3213 singulatim
869 3130 1023 3218 explicare
1033 3127 1186 3210 studeam,

84 3252 156 3318 opus
169 3232 271 3301 lliede
283 3237 435 3323 prolixius
449 3236 528 3298 mihi
541 3247 698 3315 nascetur,
717 3248 749 3299 et
762 3247 833 3299 tuae
847 3254 938 3297 aures
951 3234 1028 3297 setis
1042 3234 1106 3297 seio
1121 3219 1186 3295 non

84 3338 186 3401 ferent.
238 3360 316 3425 quae
329 3340 422 3421 igitur
434 3341 552 3403 calamo
565 3342 617 3405 vel
631 3351 683 3401 tua
695 3340 840 3404 voluntas
853 3341 905 3406 rel
916 3358 988 3401 mea
1000 3336 1187 3403 verecundia

85 3451 186 3521 negat,
214 3462 253 3504 ee
272 3444 463 3532 posteritatis
483 3444 679 3507 sermonibus
700 3446 752 3507 vel
774 3443 876 3506 inrito
896 3454 929 3504 te
946 3442 1188 3505 celebrabuntur.

85 3540 162 3608 idem
174 3546 261 3610 euim
275 3559 323 3611 est
335 3544 452 3627 glories
466 3544 549 3631 quod
562 3544 707 3621 crocodili
720 3546 896 3626 ingenium:
921 3555 1086 3631 sequentes
1099 3542 1187 3621 sugit,

86 3644 232 3727 fugientes
253 3652 402 3736 sequitur.
452 3650 531 3710 nihil
553 3648 606 3731 (ut
624 3652 819 3733 eloquentiae
836 3648 999 3713 Romanae
1011 3665 1124 3733 parens
1138 3656 1187 3708 te-

86 3754 191 3835 stetur)
220 3751 260 3817 de
283 3753 457 3834 insignibus
479 3749 519 3813 ad
540 3748 665 3815 taudem
686 3752 762 3816 viris
785 3754 916 3818 obscure
939 3748 1075 3815 nuntiari
1098 3751 1188 3811 solet.

86 3854 181 3921 lernae
193 3878 290 3921 nemo
306 3878 440 3942 uuquam
453 3856 608 3943 imperare
622 3857 732 3943 potuit.
782 3880 846 3922 non
859 3858 975 3943 petitur
988 3852 1041 3915 ille
1054 3850 1187 3915 Hesiodi

87 3953 137 4021 dee
155 3961 220 4025 sibi
237 3963 344 4023 irenes
357 3962 458 4023 iniici:
484 3960 618 4046 loquitur
630 3972 661 4022 et
672 3962 800 4040 clamat,
821 3973 856 4023 ut
870 3959 993 4044 abipsa
1007 3956 1187 4041 posteritate

88 4079 143 4126 tux
160 4065 231 4129 eius
252 4060 405 4129 audietur.
452 4061 642 4151 praedicabit
652 4065 704 4125 illa
716 4084 780 4127 non
795 4076 916 4127 tentum
928 4071 1109 4123 ornamenta
1120 4062 1185 4123 ior-

87 4175 183 4249 tunse‚
204 4169 247 4234 ob
264 4187 426 4253 quaecum
437 4168 531 4249 vulgo
545 4170 653 4232 beatus
666 4168 880 4247 bsbeeris,.tu
893 4184 929 4227 ea
945 4164 1071 4226 umbrae
1083 4165 1187 4250 parie-

88 4279 141 4335 tum
161 4292 344 4361 comparare
366 4273 464 4351 soles,
486 4269 542 4335 sed
564 4285 596 4335 et
614 4272 733 4352 ingenii
746 4266 991 4350 magnitudinem
1005 4278 1036 4330 et
1048 4266 1187 4355 pruden-

87 4371 150 4440 tiam
163 4391 255 4444 luem
269 4374 541 4464 periculosissimis
555 4374 746 4462 temporibus
760 4374 793 4434 in
803 4391 836 4434 re
847 4380 877 4433 et
886 4370 1005 4459 publice
1017 4372 1187 4458 etprirets,
