<?xml version="1.0" encoding="UTF-8"?>
<!DOCTYPE html PUBLIC "-//W3C//DTD XHTML 1.0 Transitional//EN"
    "http://www.w3.org/TR/xhtml1/DTD/xhtml1-transitional.dtd">
<html xmlns="http://www.w3.org/1999/xhtml" xml:lang="en" lang="en">
 <head>
  <title>
</title>
<meta http-equiv="Content-Type" content="text/html;charset=utf-8" />
  <meta name='ocr-system' content='tesseract 3.04.00' />
  <meta name='ocr-capabilities' content='ocr_page ocr_carea ocr_par ocr_line ocrx_word'/>
</head>
<body>
  <div class='ocr_page' id='page_1' title='image "./corpusscriptoru62theogoog/corpusscriptoru62theogoog_0015.png"; bbox 0 0 3050 4900; ppageno 0'>
   <div class='ocr_carea' id='block_1_1' title="bbox 556 313 1227 398">
    <p class='ocr_par' dir='ltr' id='par_1_1' title="bbox 556 313 1227 398">
     <span class='ocr_line' id='line_1_1' title="bbox 556 313 1227 398; baseline -0.01 -4"><span class='ocrx_word' id='word_1_1' title='bbox 556 313 801 396; x_wconf 72' lang='lat' dir='ltr'><strong>emeseno.</strong></span> <span class='ocrx_word' id='word_1_2' title='bbox 1187 347 1227 398; x_wconf 77' lang='lat' dir='ltr'><strong>n</strong></span> 
     </span>
    </p>
   </div>
   <div class='ocr_carea' id='block_1_2' title="bbox 117 504 1239 3270">
    <p class='ocr_par' dir='ltr' id='par_1_2' title="bbox 117 504 1239 2247">
     <span class='ocr_line' id='line_1_2' title="bbox 128 504 1227 602; baseline 0.001 -23"><span class='ocrx_word' id='word_1_3' title='bbox 128 535 185 579; x_wconf 88' lang='lat' dir='ltr'><strong>seu</strong></span> <span class='ocrx_word' id='word_1_4' title='bbox 205 523 379 602; x_wconf 85' lang='lat' dir='ltr'><strong>temporum</strong></span> <span class='ocrx_word' id='word_1_5' title='bbox 393 511 505 578; x_wconf 82' lang='lat' dir='ltr'><strong>inieris</strong></span> <span class='ocrx_word' id='word_1_6' title='bbox 519 526 625 580; x_wconf 88' lang='lat' dir='ltr'><strong>essent</strong></span> <span class='ocrx_word' id='word_1_7' title='bbox 637 504 760 597; x_wconf 85' lang='lat' dir='ltr'><strong>emissi,</strong></span> <span class='ocrx_word' id='word_1_8' title='bbox 782 532 839 578; x_wconf 85' lang='lat' dir='ltr'><strong>ssu</strong></span> <span class='ocrx_word' id='word_1_9' title='bbox 850 511 1055 596; x_wconf 65' lang='lat' dir='ltr'><strong>negligentius</strong></span> <span class='ocrx_word' id='word_1_10' title='bbox 1068 514 1108 576; x_wconf 81' lang='lat' dir='ltr'><strong>sb</strong></span> <span class='ocrx_word' id='word_1_11' title='bbox 1120 511 1162 579; x_wconf 88' lang='lat' dir='ltr'><strong>iis</strong></span> <span class='ocrx_word' id='word_1_12' title='bbox 1173 513 1227 579; x_wconf 88' lang='lat' dir='ltr'><strong>in·</strong></span> 
     </span>
     <span class='ocr_line' id='line_1_3' title="bbox 127 609 1227 705; baseline 0.003 -24"><span class='ocrx_word' id='word_1_13' title='bbox 127 618 236 704; x_wconf 83' lang='lat' dir='ltr'><strong>quisiti</strong></span> <span class='ocrx_word' id='word_1_14' title='bbox 248 617 354 702; x_wconf 84' lang='lat' dir='ltr'><strong>quibus</strong></span> <span class='ocrx_word' id='word_1_15' title='bbox 367 615 402 680; x_wconf 90' lang='lat' dir='ltr'><strong>id</strong></span> <span class='ocrx_word' id='word_1_16' title='bbox 415 617 532 698; x_wconf 79' lang='lat' dir='ltr'><strong>negotii</strong></span> <span class='ocrx_word' id='word_1_17' title='bbox 546 616 672 682; x_wconf 76' lang='lat' dir='ltr'><strong>dederat</strong></span> <span class='ocrx_word' id='word_1_18' title='bbox 682 609 734 702; x_wconf 86' lang='lat'><strong>¹),</strong></span> <span class='ocrx_word' id='word_1_19' title='bbox 762 617 838 682; x_wconf 84' lang='lat' dir='ltr'><strong>dum</strong></span> <span class='ocrx_word' id='word_1_20' title='bbox 849 617 919 704; x_wconf 86' lang='lat' dir='ltr'><strong>ipse</strong></span> <span class='ocrx_word' id='word_1_21' title='bbox 931 615 1064 705; x_wconf 52' lang='lat' dir='ltr'><strong>extorris</strong></span> <span class='ocrx_word' id='word_1_22' title='bbox 1076 627 1109 680; x_wconf 80' lang='lat' dir='ltr'><strong>et</strong></span> <span class='ocrx_word' id='word_1_23' title='bbox 1121 619 1227 704; x_wconf 77' lang='lat' dir='ltr'><strong>procul</strong></span> 
     </span>
     <span class='ocr_line' id='line_1_4' title="bbox 126 721 1228 808; baseline 0.001 -25"><span class='ocrx_word' id='word_1_24' title='bbox 126 724 166 786; x_wconf 87' lang='lat' dir='ltr'><strong>sb</strong></span> <span class='ocrx_word' id='word_1_25' title='bbox 188 723 269 783; x_wconf 87' lang='lat' dir='ltr'><strong>urbe</strong></span> <span class='ocrx_word' id='word_1_26' title='bbox 282 721 314 782; x_wconf 92' lang='lat' dir='ltr'><strong>in</strong></span> <span class='ocrx_word' id='word_1_27' title='bbox 334 741 429 808; x_wconf 75' lang='lat' dir='ltr'><strong>perus</strong></span> <span class='ocrx_word' id='word_1_28' title='bbox 448 723 549 785; x_wconf 86' lang='lat' dir='ltr'><strong>insule</strong></span> <span class='ocrx_word' id='word_1_29' title='bbox 568 723 666 786; x_wconf 78' lang='lat' dir='ltr'><strong>ritem</strong></span> <span class='ocrx_word' id='word_1_30' title='bbox 685 734 803 804; x_wconf 79' lang='lat' dir='ltr'><strong>egeret:</strong></span> <span class='ocrx_word' id='word_1_31' title='bbox 829 741 945 806; x_wconf 82' lang='lat' dir='ltr'><strong>exque</strong></span> <span class='ocrx_word' id='word_1_32' title='bbox 958 721 1073 784; x_wconf 69' lang='lat' dir='ltr'><strong>neom</strong></span> <span class='ocrx_word' id='word_1_33' title='bbox 1085 721 1228 802; x_wconf 58' lang='lat' dir='ltr'><strong>moos&amp;</strong></span> 
     </span>
     <span class='ocr_line' id='line_1_5' title="bbox 126 821 1228 910; baseline 0.002 -24"><span class='ocrx_word' id='word_1_34' title='bbox 126 835 160 888; x_wconf 85' lang='lat' dir='ltr'><strong>u&#39;t</strong></span> <span class='ocrx_word' id='word_1_35' title='bbox 180 825 338 888; x_wconf 87' lang='lat' dir='ltr'><strong>consulum</strong></span> <span class='ocrx_word' id='word_1_36' title='bbox 357 834 389 888; x_wconf 90' lang='lat' dir='ltr'><strong>et</strong></span> <span class='ocrx_word' id='word_1_37' title='bbox 400 821 591 890; x_wconf 73' lang='lat' dir='ltr'><strong>dictatorum</strong></span> <span class='ocrx_word' id='word_1_38' title='bbox 610 826 739 890; x_wconf 84' lang='lat' dir='ltr'><strong>historie</strong></span> <span class='ocrx_word' id='word_1_39' title='bbox 752 825 857 890; x_wconf 79' lang='lat' dir='ltr'><strong>minus</strong></span> <span class='ocrx_word' id='word_1_40' title='bbox 870 825 912 888; x_wconf 88' lang='lat' dir='ltr'><strong>sit</strong></span> <span class='ocrx_word' id='word_1_41' title='bbox 924 825 1075 888; x_wconf 79' lang='lat' dir='ltr'><strong>sbsolsts.</strong></span> <span class='ocrx_word' id='word_1_42' title='bbox 1124 843 1228 910; x_wconf 79' lang='lat' dir='ltr'><strong>neque</strong></span> 
     </span>
     <span class='ocr_line' id='line_1_6' title="bbox 124 925 1229 1014; baseline 0 -24"><span class='ocrx_word' id='word_1_43' title='bbox 124 947 221 1014; x_wconf 93' lang='lat' dir='ltr'><strong>porro</strong></span> <span class='ocrx_word' id='word_1_44' title='bbox 241 927 347 990; x_wconf 86' lang='lat' dir='ltr'><strong>mireri</strong></span> <span class='ocrx_word' id='word_1_45' title='bbox 367 925 481 994; x_wconf 87' lang='lat' dir='ltr'><strong>debere</strong></span> <span class='ocrx_word' id='word_1_46' title='bbox 502 927 605 992; x_wconf 88' lang='lat' dir='ltr'><strong>subdit</strong></span> <span class='ocrx_word' id='word_1_47' title='bbox 626 931 789 1010; x_wconf 85' lang='lat' dir='ltr'><strong>lectorem,</strong></span> <span class='ocrx_word' id='word_1_48' title='bbox 814 929 888 994; x_wconf 87' lang='lat' dir='ltr'><strong>siin</strong></span> <span class='ocrx_word' id='word_1_49' title='bbox 900 928 941 991; x_wconf 89' lang='lat' dir='ltr'><strong>iis</strong></span> <span class='ocrx_word' id='word_1_50' title='bbox 954 948 1033 1014; x_wconf 87' lang='lat' dir='ltr'><strong>quos</strong></span> <span class='ocrx_word' id='word_1_51' title='bbox 1045 926 1229 1014; x_wconf 85' lang='lat' dir='ltr'><strong>conscripsit</strong></span> 
     </span>
     <span class='ocr_line' id='line_1_7' title="bbox 124 1029 1226 1120; baseline 0.001 -27"><span class='ocrx_word' id='word_1_52' title='bbox 124 1029 296 1093; x_wconf 76' lang='lat' dir='ltr'>Annalibus</span> <span class='ocrx_word' id='word_1_53' title='bbox 316 1032 490 1118; x_wconf 75' lang='lat' dir='ltr'><strong>scriptionis</strong></span> <span class='ocrx_word' id='word_1_54' title='bbox 508 1034 667 1098; x_wconf 81' lang='lat' dir='ltr'><strong>eberscter</strong></span> <span class='ocrx_word' id='word_1_55' title='bbox 678 1035 791 1120; x_wconf 87' lang='lat' dir='ltr'><strong>ubique</strong></span> <span class='ocrx_word' id='word_1_56' title='bbox 805 1030 867 1096; x_wconf 85' lang='lat' dir='ltr'><strong>sibi</strong></span> <span class='ocrx_word' id='word_1_57' title='bbox 879 1030 991 1096; x_wconf 85' lang='lat' dir='ltr'><strong>similis</strong></span> <span class='ocrx_word' id='word_1_58' title='bbox 1004 1051 1066 1094; x_wconf 90' lang='lat' dir='ltr'><strong>non</strong></span> <span class='ocrx_word' id='word_1_59' title='bbox 1079 1039 1226 1112; x_wconf 81' lang='lat' dir='ltr'><strong>occurret,</strong></span> 
     </span>
     <span class='ocr_line' id='line_1_8' title="bbox 126 1133 1227 1221; baseline 0.005 -29"><span class='ocrx_word' id='word_1_60' title='bbox 126 1151 195 1193; x_wconf 87' lang='lat' dir='ltr'><strong>cum</strong></span> <span class='ocrx_word' id='word_1_61' title='bbox 213 1135 304 1196; x_wconf 77' lang='lat' dir='ltr'><strong>aliter</strong></span> <span class='ocrx_word' id='word_1_62' title='bbox 320 1133 389 1197; x_wconf 86' lang='lat' dir='ltr'><strong>lieri</strong></span> <span class='ocrx_word' id='word_1_63' title='bbox 402 1137 458 1200; x_wconf 81' lang='lat' dir='ltr'><strong>vix</strong></span> <span class='ocrx_word' id='word_1_64' title='bbox 470 1149 578 1221; x_wconf 86' lang='lat' dir='ltr'><strong>quest,</strong></span> <span class='ocrx_word' id='word_1_65' title='bbox 599 1146 633 1199; x_wconf 89' lang='lat' dir='ltr'><strong>ut</strong></span> <span class='ocrx_word' id='word_1_66' title='bbox 647 1137 699 1221; x_wconf 87' lang='lat' dir='ltr'><strong>qui</strong></span> <span class='ocrx_word' id='word_1_67' title='bbox 712 1134 874 1200; x_wconf 74' lang='lat' dir='ltr'><strong>historiam</strong></span> <span class='ocrx_word' id='word_1_68' title='bbox 887 1157 907 1198; x_wconf 89' lang='lat' dir='ltr'><strong>e</strong></span> <span class='ocrx_word' id='word_1_69' title='bbox 918 1135 1014 1201; x_wconf 75' lang='lat' dir='ltr'><strong>seriis</strong></span> <span class='ocrx_word' id='word_1_70' title='bbox 1026 1133 1227 1220; x_wconf 70' lang='lat' dir='ltr'><strong>scriptoribus</strong></span> 
     </span>
     <span class='ocr_line' id='line_1_9' title="bbox 123 1235 1229 1324; baseline 0 -24"><span class='ocrx_word' id='word_1_71' title='bbox 123 1235 222 1300; x_wconf 82' lang='lat' dir='ltr'><strong>retusi</strong></span> <span class='ocrx_word' id='word_1_72' title='bbox 247 1236 362 1323; x_wconf 81' lang='lat' dir='ltr'><strong>stipem</strong></span> <span class='ocrx_word' id='word_1_73' title='bbox 386 1239 515 1320; x_wconf 79' lang='lat' dir='ltr'><strong>colligit,</strong></span> <span class='ocrx_word' id='word_1_74' title='bbox 541 1241 666 1304; x_wconf 84' lang='lat' dir='ltr'><strong>illorum</strong></span> <span class='ocrx_word' id='word_1_75' title='bbox 687 1252 720 1303; x_wconf 85' lang='lat' dir='ltr'><strong>et</strong></span> <span class='ocrx_word' id='word_1_76' title='bbox 738 1239 873 1304; x_wconf 82' lang='lat' dir='ltr'><strong>dictione</strong></span> <span class='ocrx_word' id='word_1_77' title='bbox 893 1250 927 1302; x_wconf 84' lang='lat' dir='ltr'><strong>et</strong></span> <span class='ocrx_word' id='word_1_78' title='bbox 946 1237 1173 1324; x_wconf 86' lang='lat' dir='ltr'><strong>compositione</strong></span> <span class='ocrx_word' id='word_1_79' title='bbox 1190 1235 1229 1300; x_wconf 85' lang='lat' dir='ltr'><strong>irs</strong></span> 
     </span>
     <span class='ocr_line' id='line_1_10' title="bbox 123 1335 1230 1428; baseline 0.003 -29"><span class='ocrx_word' id='word_1_80' title='bbox 123 1338 230 1400; x_wconf 86' lang='lat' dir='ltr'><strong>multis</strong></span> <span class='ocrx_word' id='word_1_81' title='bbox 255 1361 319 1403; x_wconf 92' lang='lat' dir='ltr'><strong>non</strong></span> <span class='ocrx_word' id='word_1_82' title='bbox 341 1351 453 1407; x_wconf 84' lang='lat' dir='ltr'><strong>utetur.</strong></span> <span class='ocrx_word' id='word_1_83' title='bbox 504 1341 588 1428; x_wconf 86' lang='lat' dir='ltr'><strong>qnod</strong></span> <span class='ocrx_word' id='word_1_84' title='bbox 606 1343 651 1406; x_wconf 86' lang='lat' dir='ltr'><strong>its</strong></span> <span class='ocrx_word' id='word_1_85' title='bbox 674 1353 779 1407; x_wconf 84' lang='lat' dir='ltr'><strong>temen</strong></span> <span class='ocrx_word' id='word_1_86' title='bbox 800 1343 944 1422; x_wconf 82' lang='lat' dir='ltr'><strong>coniecit,</strong></span> <span class='ocrx_word' id='word_1_87' title='bbox 967 1353 1002 1403; x_wconf 90' lang='lat' dir='ltr'><strong>ut</strong></span> <span class='ocrx_word' id='word_1_88' title='bbox 1015 1335 1173 1425; x_wconf 89' lang='lat' dir='ltr'><strong>sisliquid</strong></span> <span class='ocrx_word' id='word_1_89' title='bbox 1185 1335 1230 1402; x_wconf 84' lang='lat' dir='ltr'><strong>ds</strong></span> 
     </span>
     <span class='ocr_line' id='line_1_11' title="bbox 124 1442 1229 1534; baseline 0.004 -32"><span class='ocrx_word' id='word_1_90' title='bbox 124 1459 179 1503; x_wconf 89' lang='lat' dir='ltr'><strong>suo</strong></span> <span class='ocrx_word' id='word_1_91' title='bbox 200 1442 407 1524; x_wconf 82' lang='lat' dir='ltr'><strong>intes-iecerit,</strong></span> <span class='ocrx_word' id='word_1_92' title='bbox 431 1443 464 1508; x_wconf 89' lang='lat' dir='ltr'><strong>id</strong></span> <span class='ocrx_word' id='word_1_93' title='bbox 483 1447 566 1510; x_wconf 86' lang='lat' dir='ltr'><strong>illius</strong></span> <span class='ocrx_word' id='word_1_94' title='bbox 587 1447 659 1510; x_wconf 84' lang='lat' dir='ltr'><strong>stilo</strong></span> <span class='ocrx_word' id='word_1_95' title='bbox 680 1467 773 1534; x_wconf 87' lang='lat' dir='ltr'><strong>quem</strong></span> <span class='ocrx_word' id='word_1_96' title='bbox 786 1448 969 1532; x_wconf 67' lang='lat' dir='ltr'><strong>sequebatur</strong></span> <span class='ocrx_word' id='word_1_97' title='bbox 981 1444 1114 1508; x_wconf 87' lang='lat' dir='ltr'><strong>suctoris</strong></span> <span class='ocrx_word' id='word_1_98' title='bbox 1128 1461 1229 1528; x_wconf 82' lang='lat' dir='ltr'><strong>quen·</strong></span> 
     </span>
     <span class='ocr_line' id='line_1_12' title="bbox 124 1543 1228 1636; baseline 0.008 -32"><span class='ocrx_word' id='word_1_99' title='bbox 124 1552 189 1605; x_wconf 82' lang='lat' dir='ltr'><strong>tom</strong></span> <span class='ocrx_word' id='word_1_100' title='bbox 212 1543 285 1607; x_wconf 87' lang='lat' dir='ltr'><strong>fieri</strong></span> <span class='ocrx_word' id='word_1_101' title='bbox 306 1548 407 1634; x_wconf 89' lang='lat' dir='ltr'><strong>potuit</strong></span> <span class='ocrx_word' id='word_1_102' title='bbox 425 1547 721 1630; x_wconf 68' lang='lat' dir='ltr'><strong>accommodaverit,</strong></span> <span class='ocrx_word' id='word_1_103' title='bbox 748 1548 987 1636; x_wconf 80' lang='lat' dir='ltr'><strong>rescriptionis</strong></span> <span class='ocrx_word' id='word_1_104' title='bbox 1008 1547 1089 1611; x_wconf 82' lang='lat' dir='ltr'><strong>retio</strong></span> <span class='ocrx_word' id='word_1_105' title='bbox 1113 1565 1132 1608; x_wconf 88' lang='lat' dir='ltr'><strong>e</strong></span> <span class='ocrx_word' id='word_1_106' title='bbox 1155 1564 1228 1613; x_wconf 69' lang='lat' dir='ltr'><strong>soe</strong></span> 
     </span>
     <span class='ocr_line' id='line_1_13' title="bbox 121 1645 1230 1735; baseline 0.005 -29"><span class='ocrx_word' id='word_1_107' title='bbox 121 1645 238 1732; x_wconf 89' lang='lat' dir='ltr'><strong>ubique</strong></span> <span class='ocrx_word' id='word_1_108' title='bbox 252 1645 405 1716; x_wconf 79' lang='lat' dir='ltr'><strong>dissidere</strong></span> <span class='ocrx_word' id='word_1_109' title='bbox 417 1649 590 1716; x_wconf 79' lang='lat' dir='ltr'><strong>vider-sture</strong></span> <span class='ocrx_word' id='word_1_110' title='bbox 615 1673 685 1716; x_wconf 87' lang='lat' dir='ltr'><strong>cum</strong></span> <span class='ocrx_word' id='word_1_111' title='bbox 696 1654 821 1716; x_wconf 85' lang='lat' dir='ltr'><strong>iuterim</strong></span> <span class='ocrx_word' id='word_1_112' title='bbox 832 1654 892 1716; x_wconf 85' lang='lat' dir='ltr'><strong>elie</strong></span> <span class='ocrx_word' id='word_1_113' title='bbox 903 1654 995 1732; x_wconf 75' lang='lat' dir='ltr'><strong>longe</strong></span> <span class='ocrx_word' id='word_1_114' title='bbox 1008 1669 1102 1735; x_wconf 82' lang='lat' dir='ltr'><strong>quem</strong></span> <span class='ocrx_word' id='word_1_115' title='bbox 1114 1645 1230 1712; x_wconf 74' lang='lat' dir='ltr'><strong>meteri</strong></span> 
     </span>
     <span class='ocr_line' id='line_1_14' title="bbox 121 1733 1230 1837; baseline 0.004 -26"><span class='ocrx_word' id='word_1_116' title='bbox 121 1749 174 1834; x_wconf 87' lang='lat' dir='ltr'><strong>qui</strong></span> <span class='ocrx_word' id='word_1_117' title='bbox 194 1771 249 1814; x_wconf 88' lang='lat' dir='ltr'><strong>res</strong></span> <span class='ocrx_word' id='word_1_118' title='bbox 268 1733 503 1836; x_wconf 73' lang='lat' dir='ltr'><strong>chronologicas</strong></span> <span class='ocrx_word' id='word_1_119' title='bbox 513 1756 659 1820; x_wconf 76' lang='lat' dir='ltr'><strong>hactenus</strong></span> <span class='ocrx_word' id='word_1_120' title='bbox 672 1767 890 1837; x_wconf 77' lang='lat' dir='ltr'><strong>tractaverunt,</strong></span> <span class='ocrx_word' id='word_1_121' title='bbox 916 1755 1050 1818; x_wconf 77' lang='lat' dir='ltr'><strong>Anuslss</strong></span> <span class='ocrx_word' id='word_1_122' title='bbox 1063 1771 1138 1816; x_wconf 90' lang='lat' dir='ltr'><strong>suos</strong></span> <span class='ocrx_word' id='word_1_123' title='bbox 1150 1771 1230 1815; x_wconf 84' lang='lat' dir='ltr'><strong>oon·</strong></span> 
     </span>
     <span class='ocr_line' id='line_1_15' title="bbox 120 1853 1233 1947; baseline 0.003 -32"><span class='ocrx_word' id='word_1_124' title='bbox 120 1853 288 1934; x_wconf 78' lang='lat' dir='ltr'><strong>scriberet,</strong></span> <span class='ocrx_word' id='word_1_125' title='bbox 314 1877 364 1919; x_wconf 87' lang='lat' dir='ltr'><strong>res</strong></span> <span class='ocrx_word' id='word_1_126' title='bbox 384 1879 498 1947; x_wconf 84' lang='lat' dir='ltr'><strong>nempe</strong></span> <span class='ocrx_word' id='word_1_127' title='bbox 518 1859 607 1946; x_wconf 84' lang='lat' dir='ltr'><strong>qussi</strong></span> <span class='ocrx_word' id='word_1_128' title='bbox 629 1857 668 1923; x_wconf 90' lang='lat' dir='ltr'><strong>de</strong></span> <span class='ocrx_word' id='word_1_129' title='bbox 689 1880 746 1925; x_wconf 93' lang='lat' dir='ltr'><strong>suo</strong></span> <span class='ocrx_word' id='word_1_130' title='bbox 771 1877 962 1946; x_wconf 84' lang='lat' dir='ltr'><strong>componens</strong></span> <span class='ocrx_word' id='word_1_131' title='bbox 980 1867 1012 1919; x_wconf 88' lang='lat' dir='ltr'><strong>ct</strong></span> <span class='ocrx_word' id='word_1_132' title='bbox 1029 1873 1174 1930; x_wconf 73' lang='lat' dir='ltr'><strong>umus,</strong></span> <span class='ocrx_word' id='word_1_133' title='bbox 1198 1860 1233 1914; x_wconf 77' lang='lat' dir='ltr'><strong>ct</strong></span> 
     </span>
     <span class='ocr_line' id='line_1_16' title="bbox 121 1951 1235 2049; baseline 0.004 -32"><span class='ocrx_word' id='word_1_134' title='bbox 121 1954 207 2040; x_wconf 90' lang='lat' dir='ltr'><strong>quod</strong></span> <span class='ocrx_word' id='word_1_135' title='bbox 231 1956 323 2022; x_wconf 88' lang='lat' dir='ltr'><strong>leude</strong></span> <span class='ocrx_word' id='word_1_136' title='bbox 347 1957 475 2043; x_wconf 83' lang='lat' dir='ltr'><strong>dignum</strong></span> <span class='ocrx_word' id='word_1_137' title='bbox 498 1974 665 2049; x_wconf 78' lang='lat' dir='ltr'><strong>cotesque</strong></span> <span class='ocrx_word' id='word_1_138' title='bbox 690 1981 831 2041; x_wconf 84' lang='lat' dir='ltr'><strong>summe,</strong></span> <span class='ocrx_word' id='word_1_139' title='bbox 862 1981 927 2025; x_wconf 87' lang='lat' dir='ltr'><strong>non</strong></span> <span class='ocrx_word' id='word_1_140' title='bbox 950 1957 1123 2018; x_wconf 75' lang='lat' dir='ltr'><strong>slieuom</strong></span> <span class='ocrx_word' id='word_1_141' title='bbox 1141 1951 1235 2016; x_wconf 69' lang='lat' dir='ltr'><strong>furtis</strong></span> 
     </span>
     <span class='ocr_line' id='line_1_17' title="bbox 119 2052 1239 2151; baseline -0.002 -29"><span class='ocrx_word' id='word_1_142' title='bbox 119 2059 269 2143; x_wconf 77' lang='lat' dir='ltr'><strong>plausum</strong></span> <span class='ocrx_word' id='word_1_143' title='bbox 295 2075 437 2150; x_wconf 86' lang='lat' dir='ltr'><strong>ceptons,</strong></span> <span class='ocrx_word' id='word_1_144' title='bbox 468 2085 569 2151; x_wconf 86' lang='lat' dir='ltr'><strong>neque</strong></span> <span class='ocrx_word' id='word_1_145' title='bbox 588 2077 735 2130; x_wconf 69' lang='lat' dir='ltr'><strong>metetur</strong></span> <span class='ocrx_word' id='word_1_146' title='bbox 754 2065 894 2143; x_wconf 72' lang='lat' dir='ltr'><strong>integros</strong></span> <span class='ocrx_word' id='word_1_147' title='bbox 913 2054 1104 2136; x_wconf 66' lang='lat' dir='ltr'><strong>monus,</strong></span> <span class='ocrx_word' id='word_1_148' title='bbox 1135 2065 1170 2118; x_wconf 81' lang='lat' dir='ltr'><strong>ut</strong></span> <span class='ocrx_word' id='word_1_149' title='bbox 1190 2052 1239 2120; x_wconf 80' lang='lat' dir='ltr'><strong>de</strong></span> 
     </span>
     <span class='ocr_line' id='line_1_18' title="bbox 117 2156 760 2247; baseline 0.005 -22"><span class='ocrx_word' id='word_1_150' title='bbox 117 2158 192 2247; x_wconf 87' lang='lat' dir='ltr'><strong>ipso</strong></span> <span class='ocrx_word' id='word_1_151' title='bbox 207 2163 333 2229; x_wconf 83' lang='lat' dir='ltr'><strong>Zonera</strong></span> <span class='ocrx_word' id='word_1_152' title='bbox 345 2167 452 2230; x_wconf 80' lang='lat' dir='ltr'><strong>scribit</strong></span> <span class='ocrx_word' id='word_1_153' title='bbox 463 2168 530 2230; x_wconf 89' lang='lat' dir='ltr'><strong>Leo</strong></span> <span class='ocrx_word' id='word_1_154' title='bbox 543 2169 671 2230; x_wconf 75' lang='lat' dir='ltr'><strong>Alistim</strong></span> <span class='ocrx_word' id='word_1_155' title='bbox 683 2156 737 2245; x_wconf 83' lang='lat'><strong>¹).</strong></span> <span class='ocrx_word' id='word_1_156' title='bbox 757 2181 760 2188; x_wconf 89' lang='grc'>·</span> 
     </span>
    </p>

    <p class='ocr_par' dir='ltr' id='par_1_3' title="bbox 117 2256 1232 3270">
     <span class='ocr_line' id='line_1_19' title="bbox 229 2256 1230 2350; baseline -0.004 -20"><span class='ocrx_word' id='word_1_157' title='bbox 229 2265 304 2330; x_wconf 86' lang='lat' dir='ltr'><strong>Non</strong></span> <span class='ocrx_word' id='word_1_158' title='bbox 322 2265 451 2332; x_wconf 86' lang='lat' dir='ltr'><strong>deluere</strong></span> <span class='ocrx_word' id='word_1_159' title='bbox 464 2279 570 2329; x_wconf 82' lang='lat' dir='ltr'><strong>temen</strong></span> <span class='ocrx_word' id='word_1_160' title='bbox 584 2267 639 2350; x_wconf 88' lang='lat' dir='ltr'><strong>qui</strong></span> <span class='ocrx_word' id='word_1_161' title='bbox 652 2263 791 2328; x_wconf 88' lang='lat' dir='ltr'><strong>censorio</strong></span> <span class='ocrx_word' id='word_1_162' title='bbox 804 2256 938 2348; x_wconf 77' lang='lat' dir='ltr'><strong>quodem</strong></span> <span class='ocrx_word' id='word_1_163' title='bbox 949 2256 1065 2324; x_wconf 81' lang='lat' dir='ltr'><strong>iudicio</strong></span> <span class='ocrx_word' id='word_1_164' title='bbox 1077 2269 1111 2322; x_wconf 80' lang='lat' dir='ltr'><strong>ot</strong></span> <span class='ocrx_word' id='word_1_165' title='bbox 1123 2259 1230 2326; x_wconf 69' lang='lat' dir='ltr'><strong>mnus</strong></span> 
     </span>
     <span class='ocr_line' id='line_1_20' title="bbox 118 2359 1229 2447; baseline 0.001 -22"><span class='ocrx_word' id='word_1_166' title='bbox 118 2359 327 2447; x_wconf 78' lang='lat' dir='ltr'><strong>diligentem,</strong></span> <span class='ocrx_word' id='word_1_167' title='bbox 361 2368 504 2431; x_wconf 82' lang='lat' dir='ltr'><strong>mcxime</strong></span> <span class='ocrx_word' id='word_1_168' title='bbox 526 2367 578 2429; x_wconf 88' lang='lat' dir='ltr'><strong>ubi</strong></span> <span class='ocrx_word' id='word_1_169' title='bbox 599 2365 749 2429; x_wconf 84' lang='lat' dir='ltr'><strong>derebus</strong></span> <span class='ocrx_word' id='word_1_170' title='bbox 771 2363 924 2430; x_wconf 85' lang='lat' dir='ltr'><strong>Romsnis</strong></span> <span class='ocrx_word' id='word_1_171' title='bbox 944 2363 1023 2445; x_wconf 81' lang='lat' dir='ltr'><strong>egit,</strong></span> <span class='ocrx_word' id='word_1_172' title='bbox 1056 2363 1229 2428; x_wconf 77' lang='lat' dir='ltr'><strong>vollicsrist</strong></span> 
     </span>
     <span class='ocr_line' id='line_1_21' title="bbox 120 2456 1228 2558; baseline 0.004 -31"><span class='ocrx_word' id='word_1_173' title='bbox 120 2476 222 2551; x_wconf 83' lang='lat' dir='ltr'><strong>etque</strong></span> <span class='ocrx_word' id='word_1_174' title='bbox 250 2468 330 2534; x_wconf 84' lang='lat' dir='ltr'><strong>edeo</strong></span> <span class='ocrx_word' id='word_1_175' title='bbox 356 2470 598 2558; x_wconf 73' lang='lat' dir='ltr'><strong>perstrinxerim·</strong></span> <span class='ocrx_word' id='word_1_176' title='bbox 650 2462 803 2533; x_wconf 69' lang='lat' dir='ltr'><strong>‘omis&#39;’</strong></span> <span class='ocrx_word' id='word_1_177' title='bbox 830 2469 932 2555; x_wconf 83' lang='lat' dir='ltr'><strong>inquit</strong></span> <span class='ocrx_word' id='word_1_178' title='bbox 955 2468 1069 2532; x_wconf 86' lang='lat' dir='ltr'><strong>borum</strong></span> <span class='ocrx_word' id='word_1_179' title='bbox 1093 2470 1171 2531; x_wconf 79' lang='lat' dir='ltr'><strong>ulter</strong></span> <span class='ocrx_word' id='word_1_180' title='bbox 1188 2456 1228 2548; x_wconf 78' lang='lat'><strong>⁸)</strong></span> 
     </span>
     <span class='ocr_line' id='line_1_22' title="bbox 117 2562 1230 2663; baseline 0.002 -32"><span class='ocrx_word' id='word_1_181' title='bbox 117 2562 218 2632; x_wconf 83' lang='lat' dir='ltr'><strong>“ente</strong></span> <span class='ocrx_word' id='word_1_182' title='bbox 230 2566 468 2636; x_wconf 72' lang='lat' dir='ltr'><strong>Constantinum</strong></span> <span class='ocrx_word' id='word_1_183' title='bbox 479 2574 584 2663; x_wconf 79' lang='lat' dir='ltr'><strong>inepte</strong></span> <span class='ocrx_word' id='word_1_184' title='bbox 596 2582 628 2636; x_wconf 89' lang='lat' dir='ltr'><strong>et</strong></span> <span class='ocrx_word' id='word_1_185' title='bbox 640 2592 751 2661; x_wconf 85' lang='lat' dir='ltr'><strong>perum</strong></span> <span class='ocrx_word' id='word_1_186' title='bbox 762 2570 926 2653; x_wconf 79' lang='lat' dir='ltr'><strong>diligenter</strong></span> <span class='ocrx_word' id='word_1_187' title='bbox 938 2569 1099 2654; x_wconf 86' lang='lat' dir='ltr'><strong>(derebus</strong></span> <span class='ocrx_word' id='word_1_188' title='bbox 1108 2568 1230 2635; x_wconf 71' lang='lat' dir='ltr'><strong>isonis</strong></span> 
     </span>
     <span class='ocr_line' id='line_1_23' title="bbox 122 2670 1232 2763; baseline 0.002 -30"><span class='ocrx_word' id='word_1_189' title='bbox 122 2672 257 2757; x_wconf 87' lang='lat' dir='ltr'><strong>loquor)</strong></span> <span class='ocrx_word' id='word_1_190' title='bbox 277 2672 478 2761; x_wconf 65' lang='lat' dir='ltr'><strong>explicsvit.²⁰</strong></span> <span class='ocrx_word' id='word_1_191' title='bbox 529 2674 586 2741; x_wconf 88' lang='lat' dir='ltr'><strong>sed</strong></span> <span class='ocrx_word' id='word_1_192' title='bbox 599 2696 692 2763; x_wconf 81' lang='lat' dir='ltr'><strong>quem</strong></span> <span class='ocrx_word' id='word_1_193' title='bbox 706 2696 785 2741; x_wconf 83' lang='lat' dir='ltr'><strong>seno</strong></span> <span class='ocrx_word' id='word_1_194' title='bbox 796 2676 849 2741; x_wconf 87' lang='lat' dir='ltr'><strong>ills</strong></span> <span class='ocrx_word' id='word_1_195' title='bbox 862 2672 980 2740; x_wconf 91' lang='lat' dir='ltr'><strong>iudicio</strong></span> <span class='ocrx_word' id='word_1_196' title='bbox 993 2674 1071 2737; x_wconf 81' lang='lat' dir='ltr'><strong>baec</strong></span> <span class='ocrx_word' id='word_1_197' title='bbox 1082 2670 1232 2738; x_wconf 77' lang='lat' dir='ltr'><strong>effutierit</strong></span> 
     </span>
     <span class='ocr_line' id='line_1_24' title="bbox 125 2772 1231 2866; baseline -0.001 -27"><span class='ocrx_word' id='word_1_198' title='bbox 125 2774 178 2839; x_wconf 81' lang='lat' dir='ltr'><strong>rel</strong></span> <span class='ocrx_word' id='word_1_199' title='bbox 207 2772 283 2840; x_wconf 92' lang='lat' dir='ltr'><strong>inde</strong></span> <span class='ocrx_word' id='word_1_200' title='bbox 310 2788 410 2865; x_wconf 84' lang='lat' dir='ltr'><strong>petet,</strong></span> <span class='ocrx_word' id='word_1_201' title='bbox 442 2772 526 2865; x_wconf 75' lang='lat' dir='ltr'><strong>quod</strong></span> <span class='ocrx_word' id='word_1_202' title='bbox 552 2799 572 2842; x_wconf 85' lang='lat' dir='ltr'><strong>s</strong></span> <span class='ocrx_word' id='word_1_203' title='bbox 597 2780 690 2866; x_wconf 79' lang='lat' dir='ltr'><strong>poulo</strong></span> <span class='ocrx_word' id='word_1_204' title='bbox 711 2780 908 2865; x_wconf 86' lang='lat' dir='ltr'><strong>sequioribus</strong></span> <span class='ocrx_word' id='word_1_205' title='bbox 929 2775 1100 2854; x_wconf 85' lang='lat' dir='ltr'><strong>iudicibus,</strong></span> <span class='ocrx_word' id='word_1_206' title='bbox 1128 2775 1231 2857; x_wconf 72' lang='lat' dir='ltr'><strong>iisque</strong></span> 
     </span>
     <span class='ocr_line' id='line_1_25' title="bbox 128 2876 1230 2967; baseline -0.001 -24"><span class='ocrx_word' id='word_1_207' title='bbox 128 2876 326 2963; x_wconf 88' lang='lat' dir='ltr'><strong>pereruditis,</strong></span> <span class='ocrx_word' id='word_1_208' title='bbox 351 2880 512 2967; x_wconf 83' lang='lat' dir='ltr'><strong>quibusvis</strong></span> <span class='ocrx_word' id='word_1_209' title='bbox 533 2880 756 2963; x_wconf 79' lang='lat' dir='ltr'><strong>chronologicis</strong></span> <span class='ocrx_word' id='word_1_210' title='bbox 776 2882 898 2967; x_wconf 88' lang='lat' dir='ltr'><strong>scriptis</strong></span> <span class='ocrx_word' id='word_1_211' title='bbox 910 2879 1074 2941; x_wconf 72' lang='lat' dir='ltr'><strong>Annalium</strong></span> <span class='ocrx_word' id='word_1_212' title='bbox 1086 2876 1230 2942; x_wconf 79' lang='lat' dir='ltr'><strong>Zonsrcs</strong></span> 
     </span>
     <span class='ocr_line' id='line_1_26' title="bbox 129 2982 1231 3071; baseline -0.003 -25"><span class='ocrx_word' id='word_1_213' title='bbox 129 3000 198 3066; x_wconf 83' lang='lat' dir='ltr'><strong>pers</strong></span> <span class='ocrx_word' id='word_1_214' title='bbox 217 2982 274 3046; x_wconf 83' lang='lat' dir='ltr'><strong>illu</strong></span> <span class='ocrx_word' id='word_1_215' title='bbox 292 3002 372 3069; x_wconf 80' lang='lat' dir='ltr'><strong>quse</strong></span> <span class='ocrx_word' id='word_1_216' title='bbox 391 3002 443 3049; x_wconf 84' lang='lat' dir='ltr'><strong>res</strong></span> <span class='ocrx_word' id='word_1_217' title='bbox 461 2984 590 3049; x_wconf 84' lang='lat' dir='ltr'><strong>Letinss</strong></span> <span class='ocrx_word' id='word_1_218' title='bbox 608 2994 771 3071; x_wconf 66' lang='lat' dir='ltr'><strong>peruuart</strong></span> <span class='ocrx_word' id='word_1_219' title='bbox 787 2986 882 3065; x_wconf 70' lang='lat' dir='ltr'><strong>longe</strong></span> <span class='ocrx_word' id='word_1_220' title='bbox 893 2991 1106 3069; x_wconf 85' lang='lat' dir='ltr'><strong>snteposstur.</strong></span> <span class='ocrx_word' id='word_1_221' title='bbox 1155 2999 1231 3044; x_wconf 75' lang='lat' dir='ltr'><strong>ns·</strong></span> 
     </span>
     <span class='ocr_line' id='line_1_27' title="bbox 131 3084 1230 3176; baseline 0 -29"><span class='ocrx_word' id='word_1_222' title='bbox 131 3102 199 3147; x_wconf 87' lang='lat' dir='ltr'><strong>cum</strong></span> <span class='ocrx_word' id='word_1_223' title='bbox 220 3086 256 3149; x_wconf 93' lang='lat' dir='ltr'><strong>in</strong></span> <span class='ocrx_word' id='word_1_224' title='bbox 276 3084 472 3152; x_wconf 84' lang='lat' dir='ltr'><strong>recensendis</strong></span> <span class='ocrx_word' id='word_1_225' title='bbox 493 3086 708 3153; x_wconf 73' lang='lat' dir='ltr'><strong>Romanorum</strong></span> <span class='ocrx_word' id='word_1_226' title='bbox 729 3087 826 3169; x_wconf 72' lang='lat' dir='ltr'><strong>gestis</strong></span> <span class='ocrx_word' id='word_1_227' title='bbox 848 3106 892 3151; x_wconf 85' lang='lat' dir='ltr'><strong>ex</strong></span> <span class='ocrx_word' id='word_1_228' title='bbox 912 3084 1230 3176; x_wconf 65' lang='lat' dir='ltr'><strong>Dione-presentia,</strong></span> 
     </span>
     <span class='ocr_line' id='line_1_28' title="bbox 131 3185 1229 3270; baseline 0.001 -22"><span class='ocrx_word' id='word_1_229' title='bbox 131 3202 224 3270; x_wconf 85' lang='lat' dir='ltr'><strong>quem</strong></span> <span class='ocrx_word' id='word_1_230' title='bbox 241 3189 372 3254; x_wconf 87' lang='lat' dir='ltr'><strong>minime</strong></span> <span class='ocrx_word' id='word_1_231' title='bbox 389 3202 562 3256; x_wconf 77' lang='lat' dir='ltr'><strong>truncatum</strong></span> <span class='ocrx_word' id='word_1_232' title='bbox 573 3202 609 3255; x_wconf 87' lang='lat' dir='ltr'><strong>ut</strong></span> <span class='ocrx_word' id='word_1_233' title='bbox 621 3188 718 3256; x_wconf 80' lang='lat' dir='ltr'><strong>bodie</strong></span> <span class='ocrx_word' id='word_1_234' title='bbox 731 3189 833 3254; x_wconf 80' lang='lat' dir='ltr'><strong>editus</strong></span> <span class='ocrx_word' id='word_1_235' title='bbox 846 3200 896 3253; x_wconf 90' lang='lat' dir='ltr'><strong>est</strong></span> <span class='ocrx_word' id='word_1_236' title='bbox 909 3185 966 3253; x_wconf 91' lang='lat' dir='ltr'><strong>sed</strong></span> <span class='ocrx_word' id='word_1_237' title='bbox 978 3189 1131 3270; x_wconf 76' lang='lat' dir='ltr'><strong>integrum</strong></span> <span class='ocrx_word' id='word_1_238' title='bbox 1142 3188 1229 3267; x_wconf 83' lang='lat' dir='ltr'><strong>lege·</strong></span> 
     </span>
    </p>
   </div>
   <div class='ocr_carea' id='block_1_3' title="bbox 134 3289 1336 3383">
    <p class='ocr_par' dir='ltr' id='par_1_4' title="bbox 134 3289 1336 3383">
     <span class='ocr_line' id='line_1_29' title="bbox 134 3289 1336 3383; baseline -0.001 -33"><span class='ocrx_word' id='word_1_239' title='bbox 134 3300 192 3371; x_wconf 82' lang='lat' dir='ltr'><strong>rut,</strong></span> <span class='ocrx_word' id='word_1_240' title='bbox 217 3291 347 3379; x_wconf 77' lang='lat' dir='ltr'><strong>aliisque</strong></span> <span class='ocrx_word' id='word_1_241' title='bbox 370 3294 568 3383; x_wconf 85' lang='lat' dir='ltr'><strong>scriptoribus</strong></span> <span class='ocrx_word' id='word_1_242' title='bbox 589 3294 643 3382; x_wconf 89' lang='lat' dir='ltr'><strong>qui</strong></span> <span class='ocrx_word' id='word_1_243' title='bbox 661 3293 781 3383; x_wconf 85' lang='lat' dir='ltr'><strong>periere</strong></span> <span class='ocrx_word' id='word_1_244' title='bbox 800 3302 976 3381; x_wconf 83' lang='lat' dir='ltr'><strong>temporum</strong></span> <span class='ocrx_word' id='word_1_245' title='bbox 996 3291 1123 3371; x_wconf 83' lang='lat' dir='ltr'><strong>inieris,</strong></span> <span class='ocrx_word' id='word_1_246' title='bbox 1147 3289 1231 3351; x_wconf 75' lang='lat' dir='ltr'><strong>benc</strong></span> <span class='ocrx_word' id='word_1_247' title='bbox 1333 3353 1336 3359; x_wconf 55' lang='grc'><strong><em>,</em></strong></span> 
     </span>
    </p>
   </div>
   <div class='ocr_carea' id='block_1_4' title="bbox 134 3388 1231 3998">
    <p class='ocr_par' dir='ltr' id='par_1_5' title="bbox 134 3388 1231 3998">
     <span class='ocr_line' id='line_1_30' title="bbox 134 3388 1231 3487; baseline -0.002 -34"><span class='ocrx_word' id='word_1_248' title='bbox 134 3388 279 3460; x_wconf 73' lang='lat' dir='ltr'><strong>historico</strong></span> <span class='ocrx_word' id='word_1_249' title='bbox 299 3406 420 3485; x_wconf 78' lang='lat' dir='ltr'><strong>partem</strong></span> <span class='ocrx_word' id='word_1_250' title='bbox 440 3400 643 3487; x_wconf 83' lang='lat' dir='ltr'><strong>compegerit,</strong></span> <span class='ocrx_word' id='word_1_251' title='bbox 664 3418 747 3465; x_wconf 84' lang='lat' dir='ltr'><strong>nors</strong></span> <span class='ocrx_word' id='word_1_252' title='bbox 764 3400 832 3461; x_wconf 82' lang='lat' dir='ltr'><strong>tere</strong></span> <span class='ocrx_word' id='word_1_253' title='bbox 852 3414 977 3484; x_wconf 78' lang='lat' dir='ltr'><strong>semper</strong></span> <span class='ocrx_word' id='word_1_254' title='bbox 993 3407 1026 3459; x_wconf 81' lang='lat' dir='ltr'><strong>et</strong></span> <span class='ocrx_word' id='word_1_255' title='bbox 1043 3397 1083 3460; x_wconf 84' lang='lat' dir='ltr'><strong>sb</strong></span> <span class='ocrx_word' id='word_1_256' title='bbox 1096 3392 1167 3457; x_wconf 81' lang='lat' dir='ltr'><strong>eliis</strong></span> <span class='ocrx_word' id='word_1_257' title='bbox 1179 3389 1231 3451; x_wconf 89' lang='lat' dir='ltr'><strong>in·</strong></span> 
     </span>
     <span class='ocr_line' id='line_1_31' title="bbox 136 3488 1230 3567; baseline 0.001 -12"><span class='ocrx_word' id='word_1_258' title='bbox 136 3488 215 3559; x_wconf 80' lang='lat' dir='ltr'><strong>dicte</strong></span> <span class='ocrx_word' id='word_1_259' title='bbox 237 3512 476 3567; x_wconf 76' lang='lat' dir='ltr'><strong>commemoret:</strong></span> <span class='ocrx_word' id='word_1_260' title='bbox 499 3502 545 3567; x_wconf 87' lang='lat' dir='ltr'><strong>ite</strong></span> <span class='ocrx_word' id='word_1_261' title='bbox 564 3514 598 3566; x_wconf 86' lang='lat' dir='ltr'><strong>ut</strong></span> <span class='ocrx_word' id='word_1_262' title='bbox 616 3502 721 3567; x_wconf 87' lang='lat' dir='ltr'><strong>multis</strong></span> <span class='ocrx_word' id='word_1_263' title='bbox 742 3502 776 3565; x_wconf 87' lang='lat' dir='ltr'><strong>in</strong></span> <span class='ocrx_word' id='word_1_264' title='bbox 795 3500 872 3566; x_wconf 89' lang='lat' dir='ltr'><strong>locis</strong></span> <span class='ocrx_word' id='word_1_265' title='bbox 885 3498 1031 3565; x_wconf 84' lang='lat' dir='ltr'><strong>dercrbo</strong></span> <span class='ocrx_word' id='word_1_266' title='bbox 1045 3496 1086 3562; x_wconf 87' lang='lat' dir='ltr'><strong>sd</strong></span> <span class='ocrx_word' id='word_1_267' title='bbox 1098 3492 1230 3559; x_wconf 78' lang='lat' dir='ltr'><strong>verbum</strong></span> 
     </span>
     <span class='ocr_line' id='line_1_32' title="bbox 136 3592 1229 3690; baseline 0.002 -31"><span class='ocrx_word' id='word_1_268' title='bbox 136 3592 270 3665; x_wconf 87' lang='lat' dir='ltr'><strong>Diouem</strong></span> <span class='ocrx_word' id='word_1_269' title='bbox 297 3602 499 3690; x_wconf 86' lang='lat' dir='ltr'><strong>exscripsisse</strong></span> <span class='ocrx_word' id='word_1_270' title='bbox 526 3604 643 3671; x_wconf 84' lang='lat' dir='ltr'><strong>dicetur</strong></span> <span class='ocrx_word' id='word_1_271' title='bbox 670 3627 690 3670; x_wconf 88' lang='lat' dir='ltr'><strong>s</strong></span> <span class='ocrx_word' id='word_1_272' title='bbox 717 3602 885 3671; x_wconf 83' lang='lat' dir='ltr'><strong>Gnillelmo</strong></span> <span class='ocrx_word' id='word_1_273' title='bbox 909 3600 1091 3687; x_wconf 78' lang='lat' dir='ltr'><strong>Xylsndro,</strong></span> <span class='ocrx_word' id='word_1_274' title='bbox 1115 3594 1229 3661; x_wconf 77' lang='lat' dir='ltr'><strong>Fulvio</strong></span> 
     </span>
     <span class='ocr_line' id='line_1_33' title="bbox 135 3696 1228 3790; baseline -0.026 0"><span class='ocrx_word' id='word_1_275' title='bbox 135 3696 263 3786; x_wconf 60' lang='lat'><strong>³¹⁸³¹¹⁰2</strong></span> <span class='ocrx_word' id='word_1_276' title='bbox 294 3702 452 3771; x_wconf 74' lang='lat' dir='ltr'><strong>Friderteo</strong></span> <span class='ocrx_word' id='word_1_277' title='bbox 475 3704 639 3790; x_wconf 73' lang='lat' dir='ltr'><strong>Sylburgto</strong></span> <span class='ocrx_word' id='word_1_278' title='bbox 662 3720 694 3772; x_wconf 85' lang='lat' dir='ltr'><strong>et</strong></span> <span class='ocrx_word' id='word_1_279' title='bbox 714 3708 850 3771; x_wconf 70' lang='lat' dir='ltr'><strong>Hennes</strong></span> <span class='ocrx_word' id='word_1_280' title='bbox 868 3703 1014 3782; x_wconf 73' lang='lat' dir='ltr'><strong>Vsterio,</strong></span> <span class='ocrx_word' id='word_1_281' title='bbox 1045 3699 1134 3763; x_wconf 77' lang='lat' dir='ltr'><strong>istim</strong></span> <span class='ocrx_word' id='word_1_282' title='bbox 1152 3699 1228 3763; x_wconf 81' lang='lat' dir='ltr'><strong>scri-</strong></span> 
     </span>
     <span class='ocr_line' id='line_1_34' title="bbox 136 3802 1230 3897; baseline -0.005 -27"><span class='ocrx_word' id='word_1_283' title='bbox 136 3806 231 3888; x_wconf 85' lang='lat' dir='ltr'><strong>ptoris</strong></span> <span class='ocrx_word' id='word_1_284' title='bbox 250 3804 378 3872; x_wconf 83' lang='lat' dir='ltr'><strong>eruditis</strong></span> <span class='ocrx_word' id='word_1_285' title='bbox 397 3808 629 3897; x_wconf 84' lang='lat' dir='ltr'><strong>interpretibus,</strong></span> <span class='ocrx_word' id='word_1_286' title='bbox 656 3808 766 3897; x_wconf 76' lang='lat' dir='ltr'><strong>quibus</strong></span> <span class='ocrx_word' id='word_1_287' title='bbox 783 3810 912 3873; x_wconf 85' lang='lat' dir='ltr'><strong>solenne</strong></span> <span class='ocrx_word' id='word_1_288' title='bbox 924 3818 973 3873; x_wconf 84' lang='lat' dir='ltr'><strong>est</strong></span> <span class='ocrx_word' id='word_1_289' title='bbox 986 3824 1028 3867; x_wconf 86' lang='lat' dir='ltr'><strong>ex</strong></span> <span class='ocrx_word' id='word_1_290' title='bbox 1040 3802 1162 3869; x_wconf 78' lang='lat' dir='ltr'><strong>Zoom</strong></span> <span class='ocrx_word' id='word_1_291' title='bbox 1174 3810 1230 3866; x_wconf 79' lang='lat' dir='ltr'><strong>sot</strong></span> 
     </span>
     <span class='ocr_line' id='line_1_35' title="bbox 136 3904 1229 3998; baseline -0.008 -22"><span class='ocrx_word' id='word_1_292' title='bbox 136 3904 237 3993; x_wconf 80' lang='lat' dir='ltr'><strong>ipsum</strong></span> <span class='ocrx_word' id='word_1_293' title='bbox 262 3910 400 3979; x_wconf 86' lang='lat' dir='ltr'><strong>Diouem</strong></span> <span class='ocrx_word' id='word_1_294' title='bbox 426 3911 592 3979; x_wconf 75' lang='lat' dir='ltr'><strong>emendare</strong></span> <span class='ocrx_word' id='word_1_295' title='bbox 613 3924 666 3977; x_wconf 84' lang='lat' dir='ltr'><strong>sut</strong></span> <span class='ocrx_word' id='word_1_296' title='bbox 685 3912 848 3981; x_wconf 74' lang='lat' dir='ltr'><strong>Romanos</strong></span> <span class='ocrx_word' id='word_1_297' title='bbox 870 3912 1035 3998; x_wconf 86' lang='lat' dir='ltr'><strong>scriptores</strong></span> <span class='ocrx_word' id='word_1_298' title='bbox 1056 3908 1135 3974; x_wconf 83' lang='lat' dir='ltr'><strong>ulios</strong></span> <span class='ocrx_word' id='word_1_299' title='bbox 1156 3906 1229 3971; x_wconf 89' lang='lat' dir='ltr'><strong>illu·</strong></span> 
     </span>
    </p>
   </div>
   <div class='ocr_carea' id='block_1_5' title="bbox 23 4096 339 4123">
    <p class='ocr_par' dir='ltr' id='par_1_6' title="bbox 23 4096 339 4123">
     <span class='ocr_line' id='line_1_36' title="bbox 23 4096 339 4123; baseline -0.016 0"><span class='ocrx_word' id='word_1_300' title='bbox 23 4102 24 4123; x_wconf 54' lang='grc' dir='ltr'>ἢ</span> <span class='ocrx_word' id='word_1_301' title='bbox 137 4096 339 4120; x_wconf 50' lang='lat' dir='ltr'><strong>*a</strong></span> 
     </span>
    </p>
   </div>
   <div class='ocr_carea' id='block_1_6' title="bbox 200 4211 1089 4428">
    <p class='ocr_par' dir='ltr' id='par_1_7' title="bbox 200 4211 1089 4428">
     <span class='ocr_line' id='line_1_37' title="bbox 201 4211 571 4281; baseline 0.022 -14"><span class='ocrx_word' id='word_1_302' title='bbox 201 4212 242 4281; x_wconf 90' lang='lat' dir='ltr'><strong>l)</strong></span> <span class='ocrx_word' id='word_1_303' title='bbox 274 4211 373 4269; x_wconf 74' lang='lat' dir='ltr'><strong>Zener-</strong></span> <span class='ocrx_word' id='word_1_304' title='bbox 385 4216 433 4273; x_wconf 82' lang='lat' dir='ltr'><strong>tib.</strong></span> <span class='ocrx_word' id='word_1_305' title='bbox 449 4214 468 4274; x_wconf 79' lang='lat'><strong>9</strong></span> <span class='ocrx_word' id='word_1_306' title='bbox 483 4232 512 4274; x_wconf 80' lang='lat' dir='ltr'><strong>n.</strong></span> <span class='ocrx_word' id='word_1_307' title='bbox 526 4214 571 4275; x_wconf 75' lang='lat'><strong>31·</strong></span> 
     </span>
     <span class='ocr_line' id='line_1_38' title="bbox 200 4282 1089 4428; baseline -0.001 -19"><span class='ocrx_word' id='word_1_308' title='bbox 200 4282 240 4421; x_wconf 44' lang='grc' dir='ltr'><strong>ἐξ</strong></span> <span class='ocrx_word' id='word_1_309' title='bbox 273 4282 440 4425; x_wconf 41' lang='lat' dir='ltr'><strong>iduma</strong></span> <span class='ocrx_word' id='word_1_310' title='bbox 456 4354 491 4412; x_wconf 85' lang='lat' dir='ltr'><strong>de</strong></span> <span class='ocrx_word' id='word_1_311' title='bbox 507 4370 591 4414; x_wconf 85' lang='lat' dir='ltr'><strong>error.</strong></span> <span class='ocrx_word' id='word_1_312' title='bbox 606 4368 694 4428; x_wconf 73' lang='lat' dir='ltr'><strong>ungu.</strong></span> <span class='ocrx_word' id='word_1_313' title='bbox 710 4352 795 4411; x_wconf 76' lang='lat' dir='ltr'><strong>rlrsr.</strong></span> <span class='ocrx_word' id='word_1_314' title='bbox 810 4350 841 4407; x_wconf 84' lang='lat' dir='ltr'><strong>iu</strong></span> <span class='ocrx_word' id='word_1_315' title='bbox 854 4344 966 4407; x_wconf 65' lang='lat' dir='ltr'><strong>dando</strong></span> <span class='ocrx_word' id='word_1_316' title='bbox 980 4366 1010 4423; x_wconf 82' lang='lat' dir='ltr'><strong>p·</strong></span> <span class='ocrx_word' id='word_1_317' title='bbox 1025 4346 1089 4408; x_wconf 75' lang='lat'><strong>12⁶·</strong></span> 
     </span>
    </p>
   </div>
   <div class='ocr_carea' id='block_1_7' title="bbox 0 0 1530 4900">
    <p class='ocr_par' dir='ltr' id='par_1_8' title="bbox 0 0 1530 4900">
     <span class='ocr_line' id='line_1_39' title="bbox 0 0 1530 4900; baseline 0 2"><span class='ocrx_word' id='word_1_318' title='bbox 0 0 1530 4900; x_wconf 95' lang='lat' dir='ltr'><strong> </strong></span> 
     </span>
    </p>
   </div>
  </div>
 </body>
</html>
