3050 4900
504 382 720 451 ANNALIUlll
745 385 796 451 111
820 388 851 452 3.
1153 386 1231 459 213

121 569 173 636 διά
189 568 225 635 τὸ
242 574 299 653 τῆς
313 566 434 655 γνώμης
451 570 639 658 στερέμνιον,
658 568 799 661 ὀστράκῳ
816 572 849 637 θ’
871 570 910 638 ἀν
928 574 1085 660 είκασθείη
1098 574 1134 643 τὸ
1151 584 1232 664 πλῆ-

119 680 197 754 θος,
221 671 460 759 ἀναμεμιγμένον
476 672 511 739 ἀν
525 684 589 752 τοῖς
601 674 633 740 ἕν
649 676 726 741 τίλει
740 680 792 741 καὶ
805 682 845 763 τῇ
857 682 973 765 βουλῇ,
990 676 1042 742 διά
1053 704 1087 745 τε
1102 680 1137 746 τά
1153 704 1231 769 συρ-

122 779 257 864 φετῶθες
270 780 321 841 καλ
339 776 372 841 τὸ
382 778 574 861 χαμαίζηλον
590 779 748 863 (τοιοῦτον
764 778 823 866 γὰρ
840 777 857 845 ὅ
870 780 967 864 πηλὸς
982 780 1056 847 ὅθεν
1068 782 1104 849 τὸ
1118 781 1232 872 ἀστρα-

120 904 176 944 κον
195 881 326 966 γίνεται)
351 883 402 946 καὶ
423 880 475 945 διὰ
498 880 532 947 τὸ
549 878 751 964 εὐμετάβολον
764 886 816 948 καλ
833 883 889 967 τήν
905 882 1067 949 ἀσθίνειαν
1080 893 1135 951 τοῦ
1149 912 1230 975 φρο-

94 979 265 1067 5νήματος.
290 982 398 1049 είωθεν
407 984 465 1070 γάρ
479 984 514 1049 τὸ
523 990 645 1069 πλῆθος
660 986 798 1052 ἀστατεῒν
812 985 924 1078 ρρδίας
932 1012 964 1052 τε
979 985 1167 1074 μετάγεσθαι
1175 993 1227 1056 καλ
1243 998 1268 1056 l’
1284 997 1300 1055 1
1315 998 1368 1057 12)

117 1082 420 1169 μεταβουλεύεσθαι·
445 1094 544 1153 ταῦτα
566 1090 603 1155 δέ
620 1114 667 1166 τις
691 1086 810 1176 εάρήσει
831 1087 1004 1168 πλειστάκις
1020 1098 1060 1178 τῇ
1072 1089 1230 1177 Ῥωμαίων

118 1190 255 1280 πολιτείᾳ
264 1187 492 1274 συμβεβηκότα,
507 1192 600 1257 ἓπιάν
611 1192 652 1258 τοὶ
666 1196 734 1279 περὶ
747 1188 862 1277 ταάτης
873 1194 987 1279 ἀρχαῖα
996 1191 1230 1282 συγγράμματα.

222 1295 262 1357 ΕΙ
272 1294 329 1376 μὲν
342 1286 396 1359 oio
411 1294 490 1381 πρὸς
501 1294 557 1378 τὴν
570 1297 720 1385 προτίραν
732 1292 922 1363 κατάστασιν
930 1304 984 1381 τῆς
991 1294 1161 1384 Ῥωμαϊκῆς
1169 1325 1228 1365 πο-

120 1396 232 1473 λιτείας
250 1396 398 1484 ἀναφίροι
411 1422 459 1475 τις
473 1398 529 1481 τήν
544 1400 698 1487 διαφορὰν
713 1406 776 1465 τῶν
788 1396 870 1465 ἀλῶν
884 1402 935 1465 καλ
948 1400 1005 1483 τήν
1019 1406 1104 1484 μῖξιν
1117 1402 1228 1484 abror,

79 1509 115 1563 10
123 1498 213 1564 ταῦτ’
226 1497 263 1563 ἀν
275 1500 349 1577 loos
360 1500 531 1585 λογίσαιτο,
547 1506 574 1567 εί
584 1504 618 1567 δέ
631 1504 708 1590 πρὸς
719 1502 776 1587 τήν
791 1499 938 1590 ἀοτίραν,
953 1501 1003 1570 ὅτε
1018 1504 1097 1591 πρὸς
1110 1532 1229 1594 μοναρ-

115 1604 193 1686 χίαν
215 1604 246 1681 l}
266 1604 501 1691 ἀριστοκρατίας
526 1602 687 1689 μετήνεκτο
708 1602 871 1688 Ῥωμαίοις
888 1606 928 1672 τά
951 1604 1133 1693 πράγματα,
1176 1611 1228 1674 καλ

120 1705 199 1791 πρὸς
218 1706 274 1789 τήν
292 1707 440 1773 είσίπειτα
457 1714 512 1791 τῆς
526 1710 685 1789 βασιλείας
702 1708 905 1789 κατάστασιν,
930 1714 981 1775 καὶ
1000 1708 1068 1775 τότε
1087 1713 1229 1795 πλείστην

121 1806 158 1873 ἀν
172 1807 342 1893 καταλάβοι
354 1836 392 1897 τῃ
411 1813 545 1903 πολιτείρ
558 1810 787 1899 προξενήσασαν
800 1812 922 1897 βλάβην
928 1813 984 1895 τήν
992 1812 1069 1898 πρὸς
1078 1812 1231 1897 ἀλλήλους

120 1916 181 1977 τῶν
191 1908 350 1996 Ῥωμαίων
367 1912 530 1997 ἀιχάνοιαν.
581 1912 599 1980 ά
621 1940 653 1981 τε
676 1915 735 2002 γάρ
751 1917 876 1999 Καῖσαρ
900 1920 956 1996 τῆς
976 1915 1145 1998 μοναρχίας
1164 1912 1231 2000 ἀρι-

79 2020 112 2075 15
120 2018 246 2101 γνηθελς
258 2017 424 2105 ἐμφυλίους
435 2019 585 2100 πολέμους
596 2018 673 2105 πρὸς
687 2019 739 2083 τὸν
752 2014 888 2103 Μάγνον
897 2011 1064 2099 Πομπήϊον
1082 2018 1133 2079 καὶ
1153 2016 1229 2101 πρὸς
1243 2036 1267 2091 Β

118 2119 192 2195 τοὺς
210 2117 323 2196 ἀλλους
337 2120 434 2203 οθτής
445 2122 621 2205 ἐλευθερίας
637 2120 857 2186 ἀντεποιοῦντο
866 2126 922 2202 τῆς
933 2124 1066 2195 παλαιᾶς
1080 2115 1226 2202 συνεπή-

118 2246 208 2302 σατο,
222 2225 274 2285 καὶ
288 2222 365 2309 πρὸς
374 2222 446 2298 τοὺς
455 2221 617 2297 ἀνελόντας
626 2214 719 2299 αὖθις
731 2222 823 2286 αὐτὸν
835 2219 943 2303 ὁμοίας
954 2218 1087 2304 μάχοςὸ
1101 2222 1227 2309 Καίσαρ

117 2322 134 2389 ὃ
154 2324 338 2407 Αὔγουστος
350 2327 400 2389 καὶ
415 2320 601 2399 lunulam
615 2322 847 2411 συνεκράτησαν,
863 2322 918 2390 είτ’
933 2315 1027 2404 αὖθις
1037 2322 1132 2411 ἀμφιο
1149 2324 1228 2411 πρὸς

116 2424 276 2510 ἀλλήλους
294 2418 377 2506 οὗτοι
395 2428 462 2514 περὶ
483 2432 538 2511 τῆς
552 2426 717 2513 οάταρχίας
730 2424 943 2515 διαφερόμενοι
958 2427 1109 2509 πολέμους
1121 2434 1228 2516 βαρεῖς

78 2525 330 2613 λῦκεκινήκασνν,
358 2531 579 2618 ἀμφοτίρωθεν
602 2531 633 2594 ἓν
656 2529 770 2606 πάσαις
792 2539 859 2608 ταῖς
874 2527 993 2614 μάχαις
1014 2532 1228 2618 φθειρομίνων

120 2632 273 2720 ὁμογενῶν
280 2682 290 2712 ,
303 2634 467 2699 κάντεῦθεν
482 2640 536 2717 τῆς
544 2629 713 2718 Ῥωμαϊκῆς
727 2635 946 2718 ε’λαττουμίνης
958 2631 1125 2716 δυνάμεως.
1177 2635 1229 2698 καὶ

122 2737 191 2803 οὗθ’
213 2739 244 2802 ἓν
261 2748 324 2814 τοῖς
339 2735 496 2819 μετίτιειτα
513 2735 569 2815 τάς
586 2733 706 2812 στάσεις
723 2733 912 2823 λωφησάσας
929 2736 990 2799 ἴδοι
1007 2759 1052 2809 τις
1069 2734 1118 2797 ἀν.

222 2843 261 2906 El
285 2839 320 2906 ol
340 2866 387 2917 τις
408 2841 485 2925 πρὸς
501 2838 557 2916 τάς
573 2836 701 2924 ὕστερον
717 2838 873 2918 βασιλείας
889 2836 945 2918 τήν
959 2839 1017 2899 τοῦ
1033 2829 1161 2920 σιδήρου
1177 2835 1229 2898 καὶ

122 2949 177 3009 τοῦ
194 2941 343 3030 ὀστράκου
362 2941 456 3030 φάσιν
472 2947 661 3028 παραβαλεῖ,
684 2935 804 3026 εὑρήσει
820 2943 864 3020 πή
878 2939 936 3020 μὲν
951 2935 1081 3022 ίσχυράν
1096 2935 1153 3020 τήν
1167 2941 1229 3003 τῶν

82 3043 277 3130 θάῬιομαίιον
293 3043 406 3132 ἀρχήν,
432 3051 475 3128 πῆ
492 3047 526 3110 δέ
543 3044 733 3110 ἀσθενοῦσαν
750 3041 852 3106 καὶτὸ
869 3046 1009 3106 πλεῖστον
1025 3046 1080 3124 τῆς
1095 3044 1229 3118 παλαιοῖς

191 3169 278 3242 Δλτήν
295 3174 328 3242 Α,
346 3168 395 3228 θεά
412 3167 465 3241 τήν
479 3173 548 3228 Pw.
628 3171 646 3226 6
663 3161 790 3239 βαμαϊκῇ
805 3166 840 3254 λ.
919 3166 955 3251 ,11
972 3159 1003 3230 ἒξ
1016 3158 1228 3252 ἀριστομραείας

192 3261 233 3296 orn
248 3244 281 3302 A.
372 3241 420 3298 καλ
437 3245 476 3310 A,
494 3239 521 3296 εί
537 3237 586 3295 καλ
601 3241 670 3296 PW.
755 3239 791 3292 λδ
806 3237 1001 3305 αοθενυυσαν]
1019 3231 1176 3305 άμιλουσαν
1191 3237 1225 3290 0.

123 3347 226 3401 senatui
239 3347 461 3413 admista,teatae‚
470 3361 526 3396 cnm
539 3344 572 3395 ob
584 3341 713 3394 vilitatem
724 3349 752 3393 et
763 3340 939 3408 humilitatem,
948 3339 1089 3392 cuiusmodi
1099 3337 1175 3390 limus
1186 3340 1229 3388 eat
1286 3361 1290 3368 ·

125 3417 189 3469 unde
200 3423 271 3468 testa
284 3417 438 3482 coniicitur,
457 3421 511 3466 tum
529 3413 563 3465 ob
574 3412 708 3464 levitatem
725 3417 753 3462 et
764 3409 940 3462 infrunitatem
957 3407 1066 3462 oonailii.
1101 3413 1143 3460 eat
1160 3405 1228 3458 enim

124 3485 262 3538 multitudo
276 3485 328 3538 levi
339 3482 483 3548 sententia,
502 3490 530 3534 et
539 3483 620 3534 sanilo
630 3481 681 3534 hno
690 3486 770 3549 atque
781 3477 843 3530 illac
852 3476 1007 3548 impellitur:
1043 3493 1109 3544 nae,
1128 3473 1150 3526 ai
1167 3473 1228 3556 quia

125 3555 299 3608 Romanorum
309 3561 414 3607 veterea
426 3550 533 3604 annales
543 3551 665 3617 evolvat,
680 3550 704 3600 ei
715 3547 790 3619 genti
801 3565 846 3600 aee
865 3547 953 3599 ianime
965 3547 1020 3599 aooi
1039 3547 1047 3560 '
1076 3547 1227 3612 erepenet.

225 3623 299 3676 Haec
311 3624 392 3692 igitur
401 3623 522 3676 diversae
534 3621 657 3672 materiae
667 3617 815 3671 mistionem
825 3563 864 3668 al
869 3615 979 3685 primum
989 3615 1029 3667 rei
1038 3612 1160 3684 pnblioaa
1171 3617 1228 3663 atn-

123 3700 177 3745 tnm
188 3693 319 3746 referenti
334 3693 361 3744 in
373 3699 483 3744 mentem
501 3690 594 3742 venire
605 3695 715 3770 queant:
732 3685 775 3738 ain
789 3685 960 3756 posteriorem
977 3682 1083 3752 imperii
1099 3680 1227 3733 rationem

123 3769 246 3831 apeotea,
266 3779 296 3814 re
314 3761 417 3830 publica
429 3777 462 3814 ex
476 3759 644 3813 aristocratia
654 3756 683 3809 in
700 3754 875 3808 monarchiam
884 3761 1044 3806 commutata
1054 3755 1083 3802 et
1099 3749 1132 3800 ab
1143 3749 1226 3818 impe·

123 3831 256 3884 ratoribna
268 3837 409 3901 occupata,
430 3830 510 3882 etiam
527 3834 609 3880 turne
625 3825 799 3877 Romanorum
820 3822 1026 3876 dimensionibus
1042 3817 1137 3871 multas
1152 3826 1226 3870 ortae

124 3917 184 3953 osae
194 3899 355 3952 calamitates
366 3899 554 3970 deprehendes.
573 3913 633 3950 nam
644 3901 671 3946 et
679 3894 780 3946 Caesar
791 3891 938 3962 cupiditate
948 3889 1023 3956 regni
1033 3887 1159 3955 impulsu·
1168 3887 1226 3939 bel-

123 3971 177 4023 lum
188 3969 266 4022 civile
276 3986 334 4022 cnm
344 3967 466 4038 Pompeio
477 3968 576 4036 Magno
589 3973 616 4018 et
627 3963 739 4016 eaeteria
757 3963 883 4032 antiquae
901 3957 1035 4014 libertatis
1046 3955 1228 4008 defensoribno

124 4039 223 4107 gessit,
241 4045 269 4090 et
281 4039 382 4091 Cnoaar
390 4039 431 4090 Au
494 4053 526 4089 ua
536 4043 565 4088 at
583 4053 618 4088 na
627 4033 757 4087 Antonine
773 4031 863 4086 itidem
874 4029 968 4082 bellum
980 4026 1037 4078 eiua
1048 4023 1229 4078 interfectori-

122 4107 170 4160 bus
181 4104 336 4164 intulerunt.
372 4109 418 4177 qni
448 4106 524 4159 einde
536 4053 610 4158 amqbo
620 4103 690 4156 inter
699 4119 773 4170 aeae,
784 4109 845 4154 uter
854 4100 924 4152 aolna
936 4098 1073 4163 regnaret,
1088 4097 1229 4162 oertentea,

122 4177 217 4243 gravia
230 4177 299 4230 bella
309 4185 463 4245 gesserunt,
482 4175 565 4228 eeaaia
576 4173 701 4242 utrinque
718 4172 818 4225 eivibna
833 4169 861 4220 in
896 4165 996 4230 meliis,
1016 4168 1044 4216 et
1054 4163 1228 4216 Romanorum

124 4247 224 4301 viribus
235 4245 381 4299 imminutio.
416 4245 493 4296 immo
504 4259 553 4294 neo
563 4241 685 4313 deinceps
699 4241 856 4311 quieviaaea
890 4235 985 4285 'tiones
996 4233 1099 4286 videas.

228 4315 285 4367 lam
303 4313 327 4366 ai
344 4314 409 4367 ferri
429 4319 456 4364 et
471 4317 557 4363 teatae
575 4312 726 4380 qualitatem
744 4325 803 4361 cam
818 4301 1009 4374 posterioribus
1029 4301 1120 4372 regnis
1137 4303 1226 4355 eonfe-

126 4400 183 4452 σεε,
199 4383 345 4438 Romanum
364 4381 498 4453 imperinm
508 4378 548 4432 ibi
559 4393 664 4450 quoquo
674 4377 768 4447 partim
785 4375 886 4426 firmum
899 4370 1019 4424 invenie·
1028 4372 1126 4444 purtim
1143 4372 1225 4425 imbe-
